Date,Store,Dept,Weekly_Sales,IsHoliday,Temperature,Fuel_Price,MarkDown1,MarkDown2,MarkDown3,MarkDown4,MarkDown5,CPI,Unemployment,Type,Size,Super_Bowl,Labor_Day,Thanksgiving,Christmas,week,month,year
2010-02-05,23,1,32452.79,False,15.25,2.788,0.0,0.0,0.0,0.0,0.0,131.5279032,5.892,B,114533,False,False,False,False,5,2,2010
2010-02-05,23,2,67221.26,False,15.25,2.788,0.0,0.0,0.0,0.0,0.0,131.5279032,5.892,B,114533,False,False,False,False,5,2,2010
2010-02-05,23,3,19124.33,False,15.25,2.788,0.0,0.0,0.0,0.0,0.0,131.5279032,5.892,B,114533,False,False,False,False,5,2,2010
2010-02-05,23,4,26458.18,False,15.25,2.788,0.0,0.0,0.0,0.0,0.0,131.5279032,5.892,B,114533,False,False,False,False,5,2,2010
2010-02-05,23,5,45586.61,False,15.25,2.788,0.0,0.0,0.0,0.0,0.0,131.5279032,5.892,B,114533,False,False,False,False,5,2,2010
2010-02-05,23,6,9000.19,False,15.25,2.788,0.0,0.0,0.0,0.0,0.0,131.5279032,5.892,B,114533,False,False,False,False,5,2,2010
2010-02-05,23,7,36293.71,False,15.25,2.788,0.0,0.0,0.0,0.0,0.0,131.5279032,5.892,B,114533,False,False,False,False,5,2,2010
2010-02-05,23,8,41648.97,False,15.25,2.788,0.0,0.0,0.0,0.0,0.0,131.5279032,5.892,B,114533,False,False,False,False,5,2,2010
2010-02-05,23,9,26344.24,False,15.25,2.788,0.0,0.0,0.0,0.0,0.0,131.5279032,5.892,B,114533,False,False,False,False,5,2,2010
2010-02-05,23,10,29407.35,False,15.25,2.788,0.0,0.0,0.0,0.0,0.0,131.5279032,5.892,B,114533,False,False,False,False,5,2,2010
2010-02-05,23,11,31672.77,False,15.25,2.788,0.0,0.0,0.0,0.0,0.0,131.5279032,5.892,B,114533,False,False,False,False,5,2,2010
2010-02-05,23,12,5617.9,False,15.25,2.788,0.0,0.0,0.0,0.0,0.0,131.5279032,5.892,B,114533,False,False,False,False,5,2,2010
2010-02-05,23,13,46901.3,False,15.25,2.788,0.0,0.0,0.0,0.0,0.0,131.5279032,5.892,B,114533,False,False,False,False,5,2,2010
2010-02-05,23,14,32058.85,False,15.25,2.788,0.0,0.0,0.0,0.0,0.0,131.5279032,5.892,B,114533,False,False,False,False,5,2,2010
2010-02-05,23,16,4269.59,False,15.25,2.788,0.0,0.0,0.0,0.0,0.0,131.5279032,5.892,B,114533,False,False,False,False,5,2,2010
2010-02-05,23,17,32416.6,False,15.25,2.788,0.0,0.0,0.0,0.0,0.0,131.5279032,5.892,B,114533,False,False,False,False,5,2,2010
2010-02-05,23,18,4276.0,False,15.25,2.788,0.0,0.0,0.0,0.0,0.0,131.5279032,5.892,B,114533,False,False,False,False,5,2,2010
2010-02-05,23,19,4201.01,False,15.25,2.788,0.0,0.0,0.0,0.0,0.0,131.5279032,5.892,B,114533,False,False,False,False,5,2,2010
2010-02-05,23,20,11641.64,False,15.25,2.788,0.0,0.0,0.0,0.0,0.0,131.5279032,5.892,B,114533,False,False,False,False,5,2,2010
2010-02-05,23,21,9461.72,False,15.25,2.788,0.0,0.0,0.0,0.0,0.0,131.5279032,5.892,B,114533,False,False,False,False,5,2,2010
2010-02-05,23,22,19927.7,False,15.25,2.788,0.0,0.0,0.0,0.0,0.0,131.5279032,5.892,B,114533,False,False,False,False,5,2,2010
2010-02-05,23,23,38726.8,False,15.25,2.788,0.0,0.0,0.0,0.0,0.0,131.5279032,5.892,B,114533,False,False,False,False,5,2,2010
2010-02-05,23,24,9203.73,False,15.25,2.788,0.0,0.0,0.0,0.0,0.0,131.5279032,5.892,B,114533,False,False,False,False,5,2,2010
2010-02-05,23,25,14571.5,False,15.25,2.788,0.0,0.0,0.0,0.0,0.0,131.5279032,5.892,B,114533,False,False,False,False,5,2,2010
2010-02-05,23,26,14785.22,False,15.25,2.788,0.0,0.0,0.0,0.0,0.0,131.5279032,5.892,B,114533,False,False,False,False,5,2,2010
2010-02-05,23,27,4285.21,False,15.25,2.788,0.0,0.0,0.0,0.0,0.0,131.5279032,5.892,B,114533,False,False,False,False,5,2,2010
2010-02-05,23,28,1322.6,False,15.25,2.788,0.0,0.0,0.0,0.0,0.0,131.5279032,5.892,B,114533,False,False,False,False,5,2,2010
2010-02-05,23,29,9633.78,False,15.25,2.788,0.0,0.0,0.0,0.0,0.0,131.5279032,5.892,B,114533,False,False,False,False,5,2,2010
2010-02-05,23,30,9751.5,False,15.25,2.788,0.0,0.0,0.0,0.0,0.0,131.5279032,5.892,B,114533,False,False,False,False,5,2,2010
2010-02-05,23,31,5633.46,False,15.25,2.788,0.0,0.0,0.0,0.0,0.0,131.5279032,5.892,B,114533,False,False,False,False,5,2,2010
2010-02-05,23,32,11101.34,False,15.25,2.788,0.0,0.0,0.0,0.0,0.0,131.5279032,5.892,B,114533,False,False,False,False,5,2,2010
2010-02-05,23,33,10369.1,False,15.25,2.788,0.0,0.0,0.0,0.0,0.0,131.5279032,5.892,B,114533,False,False,False,False,5,2,2010
2010-02-05,23,34,28361.1,False,15.25,2.788,0.0,0.0,0.0,0.0,0.0,131.5279032,5.892,B,114533,False,False,False,False,5,2,2010
2010-02-05,23,35,4516.0,False,15.25,2.788,0.0,0.0,0.0,0.0,0.0,131.5279032,5.892,B,114533,False,False,False,False,5,2,2010
2010-02-05,23,36,1652.0,False,15.25,2.788,0.0,0.0,0.0,0.0,0.0,131.5279032,5.892,B,114533,False,False,False,False,5,2,2010
2010-02-05,23,38,45776.67,False,15.25,2.788,0.0,0.0,0.0,0.0,0.0,131.5279032,5.892,B,114533,False,False,False,False,5,2,2010
2010-02-05,23,40,74553.22,False,15.25,2.788,0.0,0.0,0.0,0.0,0.0,131.5279032,5.892,B,114533,False,False,False,False,5,2,2010
2010-02-05,23,41,953.83,False,15.25,2.788,0.0,0.0,0.0,0.0,0.0,131.5279032,5.892,B,114533,False,False,False,False,5,2,2010
2010-02-05,23,42,9728.33,False,15.25,2.788,0.0,0.0,0.0,0.0,0.0,131.5279032,5.892,B,114533,False,False,False,False,5,2,2010
2010-02-05,23,44,10543.74,False,15.25,2.788,0.0,0.0,0.0,0.0,0.0,131.5279032,5.892,B,114533,False,False,False,False,5,2,2010
2010-02-05,23,45,6.5,False,15.25,2.788,0.0,0.0,0.0,0.0,0.0,131.5279032,5.892,B,114533,False,False,False,False,5,2,2010
2010-02-05,23,46,35019.3,False,15.25,2.788,0.0,0.0,0.0,0.0,0.0,131.5279032,5.892,B,114533,False,False,False,False,5,2,2010
2010-02-05,23,48,16.96,False,15.25,2.788,0.0,0.0,0.0,0.0,0.0,131.5279032,5.892,B,114533,False,False,False,False,5,2,2010
2010-02-05,23,49,27058.26,False,15.25,2.788,0.0,0.0,0.0,0.0,0.0,131.5279032,5.892,B,114533,False,False,False,False,5,2,2010
2010-02-05,23,50,8003.0,False,15.25,2.788,0.0,0.0,0.0,0.0,0.0,131.5279032,5.892,B,114533,False,False,False,False,5,2,2010
2010-02-05,23,51,40.68,False,15.25,2.788,0.0,0.0,0.0,0.0,0.0,131.5279032,5.892,B,114533,False,False,False,False,5,2,2010
2010-02-05,23,52,3920.97,False,15.25,2.788,0.0,0.0,0.0,0.0,0.0,131.5279032,5.892,B,114533,False,False,False,False,5,2,2010
2010-02-05,23,54,611.0,False,15.25,2.788,0.0,0.0,0.0,0.0,0.0,131.5279032,5.892,B,114533,False,False,False,False,5,2,2010
2010-02-05,23,55,25338.25,False,15.25,2.788,0.0,0.0,0.0,0.0,0.0,131.5279032,5.892,B,114533,False,False,False,False,5,2,2010
2010-02-05,23,56,1381.4,False,15.25,2.788,0.0,0.0,0.0,0.0,0.0,131.5279032,5.892,B,114533,False,False,False,False,5,2,2010
2010-02-05,23,58,830.0,False,15.25,2.788,0.0,0.0,0.0,0.0,0.0,131.5279032,5.892,B,114533,False,False,False,False,5,2,2010
2010-02-05,23,59,1695.79,False,15.25,2.788,0.0,0.0,0.0,0.0,0.0,131.5279032,5.892,B,114533,False,False,False,False,5,2,2010
2010-02-05,23,67,15671.17,False,15.25,2.788,0.0,0.0,0.0,0.0,0.0,131.5279032,5.892,B,114533,False,False,False,False,5,2,2010
2010-02-05,23,71,17511.99,False,15.25,2.788,0.0,0.0,0.0,0.0,0.0,131.5279032,5.892,B,114533,False,False,False,False,5,2,2010
2010-02-05,23,72,104395.84,False,15.25,2.788,0.0,0.0,0.0,0.0,0.0,131.5279032,5.892,B,114533,False,False,False,False,5,2,2010
2010-02-05,23,74,32081.02,False,15.25,2.788,0.0,0.0,0.0,0.0,0.0,131.5279032,5.892,B,114533,False,False,False,False,5,2,2010
2010-02-05,23,78,12.0,False,15.25,2.788,0.0,0.0,0.0,0.0,0.0,131.5279032,5.892,B,114533,False,False,False,False,5,2,2010
2010-02-05,23,79,35265.03,False,15.25,2.788,0.0,0.0,0.0,0.0,0.0,131.5279032,5.892,B,114533,False,False,False,False,5,2,2010
2010-02-05,23,81,10280.33,False,15.25,2.788,0.0,0.0,0.0,0.0,0.0,131.5279032,5.892,B,114533,False,False,False,False,5,2,2010
2010-02-05,23,82,17811.67,False,15.25,2.788,0.0,0.0,0.0,0.0,0.0,131.5279032,5.892,B,114533,False,False,False,False,5,2,2010
2010-02-05,23,83,382.64,False,15.25,2.788,0.0,0.0,0.0,0.0,0.0,131.5279032,5.892,B,114533,False,False,False,False,5,2,2010
2010-02-05,23,85,4474.62,False,15.25,2.788,0.0,0.0,0.0,0.0,0.0,131.5279032,5.892,B,114533,False,False,False,False,5,2,2010
2010-02-05,23,87,28917.12,False,15.25,2.788,0.0,0.0,0.0,0.0,0.0,131.5279032,5.892,B,114533,False,False,False,False,5,2,2010
2010-02-05,23,90,20858.9,False,15.25,2.788,0.0,0.0,0.0,0.0,0.0,131.5279032,5.892,B,114533,False,False,False,False,5,2,2010
2010-02-05,23,91,9625.95,False,15.25,2.788,0.0,0.0,0.0,0.0,0.0,131.5279032,5.892,B,114533,False,False,False,False,5,2,2010
2010-02-05,23,92,51295.23,False,15.25,2.788,0.0,0.0,0.0,0.0,0.0,131.5279032,5.892,B,114533,False,False,False,False,5,2,2010
2010-02-05,23,93,1206.27,False,15.25,2.788,0.0,0.0,0.0,0.0,0.0,131.5279032,5.892,B,114533,False,False,False,False,5,2,2010
2010-02-05,23,94,13.72,False,15.25,2.788,0.0,0.0,0.0,0.0,0.0,131.5279032,5.892,B,114533,False,False,False,False,5,2,2010
2010-02-05,23,95,56494.17,False,15.25,2.788,0.0,0.0,0.0,0.0,0.0,131.5279032,5.892,B,114533,False,False,False,False,5,2,2010
2010-02-05,23,96,7961.4,False,15.25,2.788,0.0,0.0,0.0,0.0,0.0,131.5279032,5.892,B,114533,False,False,False,False,5,2,2010
2010-02-05,23,97,4830.81,False,15.25,2.788,0.0,0.0,0.0,0.0,0.0,131.5279032,5.892,B,114533,False,False,False,False,5,2,2010
2010-02-05,23,98,257.75,False,15.25,2.788,0.0,0.0,0.0,0.0,0.0,131.5279032,5.892,B,114533,False,False,False,False,5,2,2010
2010-02-12,23,1,50360.71,True,18.75,2.771,0.0,0.0,0.0,0.0,0.0,131.5866129,5.892,B,114533,True,False,False,False,6,2,2010
2010-02-12,23,2,67613.66,True,18.75,2.771,0.0,0.0,0.0,0.0,0.0,131.5866129,5.892,B,114533,True,False,False,False,6,2,2010
2010-02-12,23,3,17989.26,True,18.75,2.771,0.0,0.0,0.0,0.0,0.0,131.5866129,5.892,B,114533,True,False,False,False,6,2,2010
2010-02-12,23,4,24528.12,True,18.75,2.771,0.0,0.0,0.0,0.0,0.0,131.5866129,5.892,B,114533,True,False,False,False,6,2,2010
2010-02-12,23,5,40140.12,True,18.75,2.771,0.0,0.0,0.0,0.0,0.0,131.5866129,5.892,B,114533,True,False,False,False,6,2,2010
2010-02-12,23,6,9093.79,True,18.75,2.771,0.0,0.0,0.0,0.0,0.0,131.5866129,5.892,B,114533,True,False,False,False,6,2,2010
2010-02-12,23,7,37025.29,True,18.75,2.771,0.0,0.0,0.0,0.0,0.0,131.5866129,5.892,B,114533,True,False,False,False,6,2,2010
2010-02-12,23,8,38424.81,True,18.75,2.771,0.0,0.0,0.0,0.0,0.0,131.5866129,5.892,B,114533,True,False,False,False,6,2,2010
2010-02-12,23,9,27715.11,True,18.75,2.771,0.0,0.0,0.0,0.0,0.0,131.5866129,5.892,B,114533,True,False,False,False,6,2,2010
2010-02-12,23,10,24410.86,True,18.75,2.771,0.0,0.0,0.0,0.0,0.0,131.5866129,5.892,B,114533,True,False,False,False,6,2,2010
2010-02-12,23,11,31241.16,True,18.75,2.771,0.0,0.0,0.0,0.0,0.0,131.5866129,5.892,B,114533,True,False,False,False,6,2,2010
2010-02-12,23,12,5323.2,True,18.75,2.771,0.0,0.0,0.0,0.0,0.0,131.5866129,5.892,B,114533,True,False,False,False,6,2,2010
2010-02-12,23,13,42274.67,True,18.75,2.771,0.0,0.0,0.0,0.0,0.0,131.5866129,5.892,B,114533,True,False,False,False,6,2,2010
2010-02-12,23,14,31687.47,True,18.75,2.771,0.0,0.0,0.0,0.0,0.0,131.5866129,5.892,B,114533,True,False,False,False,6,2,2010
2010-02-12,23,16,5292.73,True,18.75,2.771,0.0,0.0,0.0,0.0,0.0,131.5866129,5.892,B,114533,True,False,False,False,6,2,2010
2010-02-12,23,17,31230.99,True,18.75,2.771,0.0,0.0,0.0,0.0,0.0,131.5866129,5.892,B,114533,True,False,False,False,6,2,2010
2010-02-12,23,18,14374.27,True,18.75,2.771,0.0,0.0,0.0,0.0,0.0,131.5866129,5.892,B,114533,True,False,False,False,6,2,2010
2010-02-12,23,19,4834.37,True,18.75,2.771,0.0,0.0,0.0,0.0,0.0,131.5866129,5.892,B,114533,True,False,False,False,6,2,2010
2010-02-12,23,20,10022.2,True,18.75,2.771,0.0,0.0,0.0,0.0,0.0,131.5866129,5.892,B,114533,True,False,False,False,6,2,2010
2010-02-12,23,21,9502.5,True,18.75,2.771,0.0,0.0,0.0,0.0,0.0,131.5866129,5.892,B,114533,True,False,False,False,6,2,2010
2010-02-12,23,22,23242.43,True,18.75,2.771,0.0,0.0,0.0,0.0,0.0,131.5866129,5.892,B,114533,True,False,False,False,6,2,2010
2010-02-12,23,23,40545.09,True,18.75,2.771,0.0,0.0,0.0,0.0,0.0,131.5866129,5.892,B,114533,True,False,False,False,6,2,2010
2010-02-12,23,24,10411.93,True,18.75,2.771,0.0,0.0,0.0,0.0,0.0,131.5866129,5.892,B,114533,True,False,False,False,6,2,2010
2010-02-12,23,25,14865.47,True,18.75,2.771,0.0,0.0,0.0,0.0,0.0,131.5866129,5.892,B,114533,True,False,False,False,6,2,2010
2010-02-12,23,26,14331.3,True,18.75,2.771,0.0,0.0,0.0,0.0,0.0,131.5866129,5.892,B,114533,True,False,False,False,6,2,2010
2010-02-12,23,27,3924.92,True,18.75,2.771,0.0,0.0,0.0,0.0,0.0,131.5866129,5.892,B,114533,True,False,False,False,6,2,2010
2010-02-12,23,28,1319.28,True,18.75,2.771,0.0,0.0,0.0,0.0,0.0,131.5866129,5.892,B,114533,True,False,False,False,6,2,2010
2010-02-12,23,29,12286.49,True,18.75,2.771,0.0,0.0,0.0,0.0,0.0,131.5866129,5.892,B,114533,True,False,False,False,6,2,2010
2010-02-12,23,30,10083.15,True,18.75,2.771,0.0,0.0,0.0,0.0,0.0,131.5866129,5.892,B,114533,True,False,False,False,6,2,2010
2010-02-12,23,31,5713.88,True,18.75,2.771,0.0,0.0,0.0,0.0,0.0,131.5866129,5.892,B,114533,True,False,False,False,6,2,2010
2010-02-12,23,32,13333.94,True,18.75,2.771,0.0,0.0,0.0,0.0,0.0,131.5866129,5.892,B,114533,True,False,False,False,6,2,2010
2010-02-12,23,33,11418.34,True,18.75,2.771,0.0,0.0,0.0,0.0,0.0,131.5866129,5.892,B,114533,True,False,False,False,6,2,2010
2010-02-12,23,34,28681.0,True,18.75,2.771,0.0,0.0,0.0,0.0,0.0,131.5866129,5.892,B,114533,True,False,False,False,6,2,2010
2010-02-12,23,35,4629.5,True,18.75,2.771,0.0,0.0,0.0,0.0,0.0,131.5866129,5.892,B,114533,True,False,False,False,6,2,2010
2010-02-12,23,36,1449.5,True,18.75,2.771,0.0,0.0,0.0,0.0,0.0,131.5866129,5.892,B,114533,True,False,False,False,6,2,2010
2010-02-12,23,38,41097.0,True,18.75,2.771,0.0,0.0,0.0,0.0,0.0,131.5866129,5.892,B,114533,True,False,False,False,6,2,2010
2010-02-12,23,40,69782.41,True,18.75,2.771,0.0,0.0,0.0,0.0,0.0,131.5866129,5.892,B,114533,True,False,False,False,6,2,2010
2010-02-12,23,41,1813.97,True,18.75,2.771,0.0,0.0,0.0,0.0,0.0,131.5866129,5.892,B,114533,True,False,False,False,6,2,2010
2010-02-12,23,42,10051.36,True,18.75,2.771,0.0,0.0,0.0,0.0,0.0,131.5866129,5.892,B,114533,True,False,False,False,6,2,2010
2010-02-12,23,44,11044.23,True,18.75,2.771,0.0,0.0,0.0,0.0,0.0,131.5866129,5.892,B,114533,True,False,False,False,6,2,2010
2010-02-12,23,45,86.87,True,18.75,2.771,0.0,0.0,0.0,0.0,0.0,131.5866129,5.892,B,114533,True,False,False,False,6,2,2010
2010-02-12,23,46,34803.69,True,18.75,2.771,0.0,0.0,0.0,0.0,0.0,131.5866129,5.892,B,114533,True,False,False,False,6,2,2010
2010-02-12,23,49,33306.8,True,18.75,2.771,0.0,0.0,0.0,0.0,0.0,131.5866129,5.892,B,114533,True,False,False,False,6,2,2010
2010-02-12,23,50,9901.0,True,18.75,2.771,0.0,0.0,0.0,0.0,0.0,131.5866129,5.892,B,114533,True,False,False,False,6,2,2010
2010-02-12,23,51,55.56,True,18.75,2.771,0.0,0.0,0.0,0.0,0.0,131.5866129,5.892,B,114533,True,False,False,False,6,2,2010
2010-02-12,23,52,4826.11,True,18.75,2.771,0.0,0.0,0.0,0.0,0.0,131.5866129,5.892,B,114533,True,False,False,False,6,2,2010
2010-02-12,23,54,911.0,True,18.75,2.771,0.0,0.0,0.0,0.0,0.0,131.5866129,5.892,B,114533,True,False,False,False,6,2,2010
2010-02-12,23,55,25355.75,True,18.75,2.771,0.0,0.0,0.0,0.0,0.0,131.5866129,5.892,B,114533,True,False,False,False,6,2,2010
2010-02-12,23,56,4389.9,True,18.75,2.771,0.0,0.0,0.0,0.0,0.0,131.5866129,5.892,B,114533,True,False,False,False,6,2,2010
2010-02-12,23,58,230.0,True,18.75,2.771,0.0,0.0,0.0,0.0,0.0,131.5866129,5.892,B,114533,True,False,False,False,6,2,2010
2010-02-12,23,59,1638.38,True,18.75,2.771,0.0,0.0,0.0,0.0,0.0,131.5866129,5.892,B,114533,True,False,False,False,6,2,2010
2010-02-12,23,67,26880.37,True,18.75,2.771,0.0,0.0,0.0,0.0,0.0,131.5866129,5.892,B,114533,True,False,False,False,6,2,2010
2010-02-12,23,71,17550.12,True,18.75,2.771,0.0,0.0,0.0,0.0,0.0,131.5866129,5.892,B,114533,True,False,False,False,6,2,2010
2010-02-12,23,72,104389.46,True,18.75,2.771,0.0,0.0,0.0,0.0,0.0,131.5866129,5.892,B,114533,True,False,False,False,6,2,2010
2010-02-12,23,74,30613.79,True,18.75,2.771,0.0,0.0,0.0,0.0,0.0,131.5866129,5.892,B,114533,True,False,False,False,6,2,2010
2010-02-12,23,79,35358.42,True,18.75,2.771,0.0,0.0,0.0,0.0,0.0,131.5866129,5.892,B,114533,True,False,False,False,6,2,2010
2010-02-12,23,81,8903.26,True,18.75,2.771,0.0,0.0,0.0,0.0,0.0,131.5866129,5.892,B,114533,True,False,False,False,6,2,2010
2010-02-12,23,82,20037.6,True,18.75,2.771,0.0,0.0,0.0,0.0,0.0,131.5866129,5.892,B,114533,True,False,False,False,6,2,2010
2010-02-12,23,83,227.82,True,18.75,2.771,0.0,0.0,0.0,0.0,0.0,131.5866129,5.892,B,114533,True,False,False,False,6,2,2010
2010-02-12,23,85,4952.66,True,18.75,2.771,0.0,0.0,0.0,0.0,0.0,131.5866129,5.892,B,114533,True,False,False,False,6,2,2010
2010-02-12,23,87,26547.68,True,18.75,2.771,0.0,0.0,0.0,0.0,0.0,131.5866129,5.892,B,114533,True,False,False,False,6,2,2010
2010-02-12,23,90,18799.9,True,18.75,2.771,0.0,0.0,0.0,0.0,0.0,131.5866129,5.892,B,114533,True,False,False,False,6,2,2010
2010-02-12,23,91,8246.04,True,18.75,2.771,0.0,0.0,0.0,0.0,0.0,131.5866129,5.892,B,114533,True,False,False,False,6,2,2010
2010-02-12,23,92,44063.81,True,18.75,2.771,0.0,0.0,0.0,0.0,0.0,131.5866129,5.892,B,114533,True,False,False,False,6,2,2010
2010-02-12,23,93,1048.74,True,18.75,2.771,0.0,0.0,0.0,0.0,0.0,131.5866129,5.892,B,114533,True,False,False,False,6,2,2010
2010-02-12,23,94,1898.46,True,18.75,2.771,0.0,0.0,0.0,0.0,0.0,131.5866129,5.892,B,114533,True,False,False,False,6,2,2010
2010-02-12,23,95,50190.34,True,18.75,2.771,0.0,0.0,0.0,0.0,0.0,131.5866129,5.892,B,114533,True,False,False,False,6,2,2010
2010-02-12,23,96,8399.97,True,18.75,2.771,0.0,0.0,0.0,0.0,0.0,131.5866129,5.892,B,114533,True,False,False,False,6,2,2010
2010-02-12,23,97,3889.65,True,18.75,2.771,0.0,0.0,0.0,0.0,0.0,131.5866129,5.892,B,114533,True,False,False,False,6,2,2010
2010-02-12,23,98,278.45,True,18.75,2.771,0.0,0.0,0.0,0.0,0.0,131.5866129,5.892,B,114533,True,False,False,False,6,2,2010
2010-02-19,23,1,28504.7,False,26.7,2.747,0.0,0.0,0.0,0.0,0.0,131.637,5.892,B,114533,False,False,False,False,7,2,2010
2010-02-19,23,2,70599.39,False,26.7,2.747,0.0,0.0,0.0,0.0,0.0,131.637,5.892,B,114533,False,False,False,False,7,2,2010
2010-02-19,23,3,15994.98,False,26.7,2.747,0.0,0.0,0.0,0.0,0.0,131.637,5.892,B,114533,False,False,False,False,7,2,2010
2010-02-19,23,4,24818.54,False,26.7,2.747,0.0,0.0,0.0,0.0,0.0,131.637,5.892,B,114533,False,False,False,False,7,2,2010
2010-02-19,23,5,42646.85,False,26.7,2.747,0.0,0.0,0.0,0.0,0.0,131.637,5.892,B,114533,False,False,False,False,7,2,2010
2010-02-19,23,6,11338.36,False,26.7,2.747,0.0,0.0,0.0,0.0,0.0,131.637,5.892,B,114533,False,False,False,False,7,2,2010
2010-02-19,23,7,37483.46,False,26.7,2.747,0.0,0.0,0.0,0.0,0.0,131.637,5.892,B,114533,False,False,False,False,7,2,2010
2010-02-19,23,8,39341.64,False,26.7,2.747,0.0,0.0,0.0,0.0,0.0,131.637,5.892,B,114533,False,False,False,False,7,2,2010
2010-02-19,23,9,28777.76,False,26.7,2.747,0.0,0.0,0.0,0.0,0.0,131.637,5.892,B,114533,False,False,False,False,7,2,2010
2010-02-19,23,10,23925.8,False,26.7,2.747,0.0,0.0,0.0,0.0,0.0,131.637,5.892,B,114533,False,False,False,False,7,2,2010
2010-02-19,23,11,26268.36,False,26.7,2.747,0.0,0.0,0.0,0.0,0.0,131.637,5.892,B,114533,False,False,False,False,7,2,2010
2010-02-19,23,12,4538.22,False,26.7,2.747,0.0,0.0,0.0,0.0,0.0,131.637,5.892,B,114533,False,False,False,False,7,2,2010
2010-02-19,23,13,42184.4,False,26.7,2.747,0.0,0.0,0.0,0.0,0.0,131.637,5.892,B,114533,False,False,False,False,7,2,2010
2010-02-19,23,14,31392.32,False,26.7,2.747,0.0,0.0,0.0,0.0,0.0,131.637,5.892,B,114533,False,False,False,False,7,2,2010
2010-02-19,23,16,5888.94,False,26.7,2.747,0.0,0.0,0.0,0.0,0.0,131.637,5.892,B,114533,False,False,False,False,7,2,2010
2010-02-19,23,17,31031.4,False,26.7,2.747,0.0,0.0,0.0,0.0,0.0,131.637,5.892,B,114533,False,False,False,False,7,2,2010
2010-02-19,23,18,6333.17,False,26.7,2.747,0.0,0.0,0.0,0.0,0.0,131.637,5.892,B,114533,False,False,False,False,7,2,2010
2010-02-19,23,19,4343.89,False,26.7,2.747,0.0,0.0,0.0,0.0,0.0,131.637,5.892,B,114533,False,False,False,False,7,2,2010
2010-02-19,23,20,9917.65,False,26.7,2.747,0.0,0.0,0.0,0.0,0.0,131.637,5.892,B,114533,False,False,False,False,7,2,2010
2010-02-19,23,21,8878.74,False,26.7,2.747,0.0,0.0,0.0,0.0,0.0,131.637,5.892,B,114533,False,False,False,False,7,2,2010
2010-02-19,23,22,22749.7,False,26.7,2.747,0.0,0.0,0.0,0.0,0.0,131.637,5.892,B,114533,False,False,False,False,7,2,2010
2010-02-19,23,23,41796.83,False,26.7,2.747,0.0,0.0,0.0,0.0,0.0,131.637,5.892,B,114533,False,False,False,False,7,2,2010
2010-02-19,23,24,9630.0,False,26.7,2.747,0.0,0.0,0.0,0.0,0.0,131.637,5.892,B,114533,False,False,False,False,7,2,2010
2010-02-19,23,25,15065.75,False,26.7,2.747,0.0,0.0,0.0,0.0,0.0,131.637,5.892,B,114533,False,False,False,False,7,2,2010
2010-02-19,23,26,15672.82,False,26.7,2.747,0.0,0.0,0.0,0.0,0.0,131.637,5.892,B,114533,False,False,False,False,7,2,2010
2010-02-19,23,27,4151.96,False,26.7,2.747,0.0,0.0,0.0,0.0,0.0,131.637,5.892,B,114533,False,False,False,False,7,2,2010
2010-02-19,23,28,1409.33,False,26.7,2.747,0.0,0.0,0.0,0.0,0.0,131.637,5.892,B,114533,False,False,False,False,7,2,2010
2010-02-19,23,29,12027.78,False,26.7,2.747,0.0,0.0,0.0,0.0,0.0,131.637,5.892,B,114533,False,False,False,False,7,2,2010
2010-02-19,23,30,10532.0,False,26.7,2.747,0.0,0.0,0.0,0.0,0.0,131.637,5.892,B,114533,False,False,False,False,7,2,2010
2010-02-19,23,31,5722.75,False,26.7,2.747,0.0,0.0,0.0,0.0,0.0,131.637,5.892,B,114533,False,False,False,False,7,2,2010
2010-02-19,23,32,15655.52,False,26.7,2.747,0.0,0.0,0.0,0.0,0.0,131.637,5.892,B,114533,False,False,False,False,7,2,2010
2010-02-19,23,33,11344.03,False,26.7,2.747,0.0,0.0,0.0,0.0,0.0,131.637,5.892,B,114533,False,False,False,False,7,2,2010
2010-02-19,23,34,28110.0,False,26.7,2.747,0.0,0.0,0.0,0.0,0.0,131.637,5.892,B,114533,False,False,False,False,7,2,2010
2010-02-19,23,35,4699.0,False,26.7,2.747,0.0,0.0,0.0,0.0,0.0,131.637,5.892,B,114533,False,False,False,False,7,2,2010
2010-02-19,23,36,2647.5,False,26.7,2.747,0.0,0.0,0.0,0.0,0.0,131.637,5.892,B,114533,False,False,False,False,7,2,2010
2010-02-19,23,38,39303.06,False,26.7,2.747,0.0,0.0,0.0,0.0,0.0,131.637,5.892,B,114533,False,False,False,False,7,2,2010
2010-02-19,23,40,66990.17,False,26.7,2.747,0.0,0.0,0.0,0.0,0.0,131.637,5.892,B,114533,False,False,False,False,7,2,2010
2010-02-19,23,41,1363.0,False,26.7,2.747,0.0,0.0,0.0,0.0,0.0,131.637,5.892,B,114533,False,False,False,False,7,2,2010
2010-02-19,23,42,9699.36,False,26.7,2.747,0.0,0.0,0.0,0.0,0.0,131.637,5.892,B,114533,False,False,False,False,7,2,2010
2010-02-19,23,44,8048.84,False,26.7,2.747,0.0,0.0,0.0,0.0,0.0,131.637,5.892,B,114533,False,False,False,False,7,2,2010
2010-02-19,23,45,24.94,False,26.7,2.747,0.0,0.0,0.0,0.0,0.0,131.637,5.892,B,114533,False,False,False,False,7,2,2010
2010-02-19,23,46,34472.15,False,26.7,2.747,0.0,0.0,0.0,0.0,0.0,131.637,5.892,B,114533,False,False,False,False,7,2,2010
2010-02-19,23,49,32063.86,False,26.7,2.747,0.0,0.0,0.0,0.0,0.0,131.637,5.892,B,114533,False,False,False,False,7,2,2010
2010-02-19,23,50,8482.0,False,26.7,2.747,0.0,0.0,0.0,0.0,0.0,131.637,5.892,B,114533,False,False,False,False,7,2,2010
2010-02-19,23,51,88.3,False,26.7,2.747,0.0,0.0,0.0,0.0,0.0,131.637,5.892,B,114533,False,False,False,False,7,2,2010
2010-02-19,23,52,5219.15,False,26.7,2.747,0.0,0.0,0.0,0.0,0.0,131.637,5.892,B,114533,False,False,False,False,7,2,2010
2010-02-19,23,54,1237.0,False,26.7,2.747,0.0,0.0,0.0,0.0,0.0,131.637,5.892,B,114533,False,False,False,False,7,2,2010
2010-02-19,23,55,29210.83,False,26.7,2.747,0.0,0.0,0.0,0.0,0.0,131.637,5.892,B,114533,False,False,False,False,7,2,2010
2010-02-19,23,56,2457.64,False,26.7,2.747,0.0,0.0,0.0,0.0,0.0,131.637,5.892,B,114533,False,False,False,False,7,2,2010
2010-02-19,23,58,2306.0,False,26.7,2.747,0.0,0.0,0.0,0.0,0.0,131.637,5.892,B,114533,False,False,False,False,7,2,2010
2010-02-19,23,59,2066.02,False,26.7,2.747,0.0,0.0,0.0,0.0,0.0,131.637,5.892,B,114533,False,False,False,False,7,2,2010
2010-02-19,23,67,16357.71,False,26.7,2.747,0.0,0.0,0.0,0.0,0.0,131.637,5.892,B,114533,False,False,False,False,7,2,2010
2010-02-19,23,71,17750.48,False,26.7,2.747,0.0,0.0,0.0,0.0,0.0,131.637,5.892,B,114533,False,False,False,False,7,2,2010
2010-02-19,23,72,95179.55,False,26.7,2.747,0.0,0.0,0.0,0.0,0.0,131.637,5.892,B,114533,False,False,False,False,7,2,2010
2010-02-19,23,74,30628.25,False,26.7,2.747,0.0,0.0,0.0,0.0,0.0,131.637,5.892,B,114533,False,False,False,False,7,2,2010
2010-02-19,23,79,35903.38,False,26.7,2.747,0.0,0.0,0.0,0.0,0.0,131.637,5.892,B,114533,False,False,False,False,7,2,2010
2010-02-19,23,80,10.0,False,26.7,2.747,0.0,0.0,0.0,0.0,0.0,131.637,5.892,B,114533,False,False,False,False,7,2,2010
2010-02-19,23,81,9204.77,False,26.7,2.747,0.0,0.0,0.0,0.0,0.0,131.637,5.892,B,114533,False,False,False,False,7,2,2010
2010-02-19,23,82,18985.29,False,26.7,2.747,0.0,0.0,0.0,0.0,0.0,131.637,5.892,B,114533,False,False,False,False,7,2,2010
2010-02-19,23,83,247.74,False,26.7,2.747,0.0,0.0,0.0,0.0,0.0,131.637,5.892,B,114533,False,False,False,False,7,2,2010
2010-02-19,23,85,4357.06,False,26.7,2.747,0.0,0.0,0.0,0.0,0.0,131.637,5.892,B,114533,False,False,False,False,7,2,2010
2010-02-19,23,87,22921.0,False,26.7,2.747,0.0,0.0,0.0,0.0,0.0,131.637,5.892,B,114533,False,False,False,False,7,2,2010
2010-02-19,23,90,18324.14,False,26.7,2.747,0.0,0.0,0.0,0.0,0.0,131.637,5.892,B,114533,False,False,False,False,7,2,2010
2010-02-19,23,91,7166.83,False,26.7,2.747,0.0,0.0,0.0,0.0,0.0,131.637,5.892,B,114533,False,False,False,False,7,2,2010
2010-02-19,23,92,43278.5,False,26.7,2.747,0.0,0.0,0.0,0.0,0.0,131.637,5.892,B,114533,False,False,False,False,7,2,2010
2010-02-19,23,93,1047.99,False,26.7,2.747,0.0,0.0,0.0,0.0,0.0,131.637,5.892,B,114533,False,False,False,False,7,2,2010
2010-02-19,23,94,1859.7,False,26.7,2.747,0.0,0.0,0.0,0.0,0.0,131.637,5.892,B,114533,False,False,False,False,7,2,2010
2010-02-19,23,95,46885.91,False,26.7,2.747,0.0,0.0,0.0,0.0,0.0,131.637,5.892,B,114533,False,False,False,False,7,2,2010
2010-02-19,23,96,7214.73,False,26.7,2.747,0.0,0.0,0.0,0.0,0.0,131.637,5.892,B,114533,False,False,False,False,7,2,2010
2010-02-19,23,97,3806.15,False,26.7,2.747,0.0,0.0,0.0,0.0,0.0,131.637,5.892,B,114533,False,False,False,False,7,2,2010
2010-02-19,23,98,3.0,False,26.7,2.747,0.0,0.0,0.0,0.0,0.0,131.637,5.892,B,114533,False,False,False,False,7,2,2010
2010-02-26,23,1,23033.73,False,32.68,2.753,0.0,0.0,0.0,0.0,0.0,131.686,5.892,B,114533,False,False,False,False,8,2,2010
2010-02-26,23,2,63655.05,False,32.68,2.753,0.0,0.0,0.0,0.0,0.0,131.686,5.892,B,114533,False,False,False,False,8,2,2010
2010-02-26,23,3,14895.27,False,32.68,2.753,0.0,0.0,0.0,0.0,0.0,131.686,5.892,B,114533,False,False,False,False,8,2,2010
2010-02-26,23,4,23580.99,False,32.68,2.753,0.0,0.0,0.0,0.0,0.0,131.686,5.892,B,114533,False,False,False,False,8,2,2010
2010-02-26,23,5,37240.47,False,32.68,2.753,0.0,0.0,0.0,0.0,0.0,131.686,5.892,B,114533,False,False,False,False,8,2,2010
2010-02-26,23,6,6411.19,False,32.68,2.753,0.0,0.0,0.0,0.0,0.0,131.686,5.892,B,114533,False,False,False,False,8,2,2010
2010-02-26,23,7,34082.0,False,32.68,2.753,0.0,0.0,0.0,0.0,0.0,131.686,5.892,B,114533,False,False,False,False,8,2,2010
2010-02-26,23,8,36516.35,False,32.68,2.753,0.0,0.0,0.0,0.0,0.0,131.686,5.892,B,114533,False,False,False,False,8,2,2010
2010-02-26,23,9,27596.58,False,32.68,2.753,0.0,0.0,0.0,0.0,0.0,131.686,5.892,B,114533,False,False,False,False,8,2,2010
2010-02-26,23,10,24972.17,False,32.68,2.753,0.0,0.0,0.0,0.0,0.0,131.686,5.892,B,114533,False,False,False,False,8,2,2010
2010-02-26,23,11,23334.27,False,32.68,2.753,0.0,0.0,0.0,0.0,0.0,131.686,5.892,B,114533,False,False,False,False,8,2,2010
2010-02-26,23,12,5607.75,False,32.68,2.753,0.0,0.0,0.0,0.0,0.0,131.686,5.892,B,114533,False,False,False,False,8,2,2010
2010-02-26,23,13,39123.18,False,32.68,2.753,0.0,0.0,0.0,0.0,0.0,131.686,5.892,B,114533,False,False,False,False,8,2,2010
2010-02-26,23,14,27963.79,False,32.68,2.753,0.0,0.0,0.0,0.0,0.0,131.686,5.892,B,114533,False,False,False,False,8,2,2010
2010-02-26,23,16,6595.26,False,32.68,2.753,0.0,0.0,0.0,0.0,0.0,131.686,5.892,B,114533,False,False,False,False,8,2,2010
2010-02-26,23,17,29881.72,False,32.68,2.753,0.0,0.0,0.0,0.0,0.0,131.686,5.892,B,114533,False,False,False,False,8,2,2010
2010-02-26,23,18,958.31,False,32.68,2.753,0.0,0.0,0.0,0.0,0.0,131.686,5.892,B,114533,False,False,False,False,8,2,2010
2010-02-26,23,19,4340.68,False,32.68,2.753,0.0,0.0,0.0,0.0,0.0,131.686,5.892,B,114533,False,False,False,False,8,2,2010
2010-02-26,23,20,9491.86,False,32.68,2.753,0.0,0.0,0.0,0.0,0.0,131.686,5.892,B,114533,False,False,False,False,8,2,2010
2010-02-26,23,21,10239.43,False,32.68,2.753,0.0,0.0,0.0,0.0,0.0,131.686,5.892,B,114533,False,False,False,False,8,2,2010
2010-02-26,23,22,21912.3,False,32.68,2.753,0.0,0.0,0.0,0.0,0.0,131.686,5.892,B,114533,False,False,False,False,8,2,2010
2010-02-26,23,23,35380.35,False,32.68,2.753,0.0,0.0,0.0,0.0,0.0,131.686,5.892,B,114533,False,False,False,False,8,2,2010
2010-02-26,23,24,8933.39,False,32.68,2.753,0.0,0.0,0.0,0.0,0.0,131.686,5.892,B,114533,False,False,False,False,8,2,2010
2010-02-26,23,25,15338.75,False,32.68,2.753,0.0,0.0,0.0,0.0,0.0,131.686,5.892,B,114533,False,False,False,False,8,2,2010
2010-02-26,23,26,13640.31,False,32.68,2.753,0.0,0.0,0.0,0.0,0.0,131.686,5.892,B,114533,False,False,False,False,8,2,2010
2010-02-26,23,27,3659.48,False,32.68,2.753,0.0,0.0,0.0,0.0,0.0,131.686,5.892,B,114533,False,False,False,False,8,2,2010
2010-02-26,23,28,1101.45,False,32.68,2.753,0.0,0.0,0.0,0.0,0.0,131.686,5.892,B,114533,False,False,False,False,8,2,2010
2010-02-26,23,29,9705.4,False,32.68,2.753,0.0,0.0,0.0,0.0,0.0,131.686,5.892,B,114533,False,False,False,False,8,2,2010
2010-02-26,23,30,8941.0,False,32.68,2.753,0.0,0.0,0.0,0.0,0.0,131.686,5.892,B,114533,False,False,False,False,8,2,2010
2010-02-26,23,31,5172.0,False,32.68,2.753,0.0,0.0,0.0,0.0,0.0,131.686,5.892,B,114533,False,False,False,False,8,2,2010
2010-02-26,23,32,10643.94,False,32.68,2.753,0.0,0.0,0.0,0.0,0.0,131.686,5.892,B,114533,False,False,False,False,8,2,2010
2010-02-26,23,33,10311.13,False,32.68,2.753,0.0,0.0,0.0,0.0,0.0,131.686,5.892,B,114533,False,False,False,False,8,2,2010
2010-02-26,23,34,23383.5,False,32.68,2.753,0.0,0.0,0.0,0.0,0.0,131.686,5.892,B,114533,False,False,False,False,8,2,2010
2010-02-26,23,35,3527.0,False,32.68,2.753,0.0,0.0,0.0,0.0,0.0,131.686,5.892,B,114533,False,False,False,False,8,2,2010
2010-02-26,23,36,2746.0,False,32.68,2.753,0.0,0.0,0.0,0.0,0.0,131.686,5.892,B,114533,False,False,False,False,8,2,2010
2010-02-26,23,38,29302.04,False,32.68,2.753,0.0,0.0,0.0,0.0,0.0,131.686,5.892,B,114533,False,False,False,False,8,2,2010
2010-02-26,23,40,63317.57,False,32.68,2.753,0.0,0.0,0.0,0.0,0.0,131.686,5.892,B,114533,False,False,False,False,8,2,2010
2010-02-26,23,41,940.0,False,32.68,2.753,0.0,0.0,0.0,0.0,0.0,131.686,5.892,B,114533,False,False,False,False,8,2,2010
2010-02-26,23,42,8684.03,False,32.68,2.753,0.0,0.0,0.0,0.0,0.0,131.686,5.892,B,114533,False,False,False,False,8,2,2010
2010-02-26,23,44,9471.44,False,32.68,2.753,0.0,0.0,0.0,0.0,0.0,131.686,5.892,B,114533,False,False,False,False,8,2,2010
2010-02-26,23,45,62.82,False,32.68,2.753,0.0,0.0,0.0,0.0,0.0,131.686,5.892,B,114533,False,False,False,False,8,2,2010
2010-02-26,23,46,33483.33,False,32.68,2.753,0.0,0.0,0.0,0.0,0.0,131.686,5.892,B,114533,False,False,False,False,8,2,2010
2010-02-26,23,49,33169.07,False,32.68,2.753,0.0,0.0,0.0,0.0,0.0,131.686,5.892,B,114533,False,False,False,False,8,2,2010
2010-02-26,23,50,7800.0,False,32.68,2.753,0.0,0.0,0.0,0.0,0.0,131.686,5.892,B,114533,False,False,False,False,8,2,2010
2010-02-26,23,51,49.8,False,32.68,2.753,0.0,0.0,0.0,0.0,0.0,131.686,5.892,B,114533,False,False,False,False,8,2,2010
2010-02-26,23,52,4289.47,False,32.68,2.753,0.0,0.0,0.0,0.0,0.0,131.686,5.892,B,114533,False,False,False,False,8,2,2010
2010-02-26,23,54,993.5,False,32.68,2.753,0.0,0.0,0.0,0.0,0.0,131.686,5.892,B,114533,False,False,False,False,8,2,2010
2010-02-26,23,55,25016.89,False,32.68,2.753,0.0,0.0,0.0,0.0,0.0,131.686,5.892,B,114533,False,False,False,False,8,2,2010
2010-02-26,23,56,2270.0,False,32.68,2.753,0.0,0.0,0.0,0.0,0.0,131.686,5.892,B,114533,False,False,False,False,8,2,2010
2010-02-26,23,58,395.0,False,32.68,2.753,0.0,0.0,0.0,0.0,0.0,131.686,5.892,B,114533,False,False,False,False,8,2,2010
2010-02-26,23,59,1588.08,False,32.68,2.753,0.0,0.0,0.0,0.0,0.0,131.686,5.892,B,114533,False,False,False,False,8,2,2010
2010-02-26,23,67,10175.46,False,32.68,2.753,0.0,0.0,0.0,0.0,0.0,131.686,5.892,B,114533,False,False,False,False,8,2,2010
2010-02-26,23,71,15663.18,False,32.68,2.753,0.0,0.0,0.0,0.0,0.0,131.686,5.892,B,114533,False,False,False,False,8,2,2010
2010-02-26,23,72,81875.05,False,32.68,2.753,0.0,0.0,0.0,0.0,0.0,131.686,5.892,B,114533,False,False,False,False,8,2,2010
2010-02-26,23,74,30426.63,False,32.68,2.753,0.0,0.0,0.0,0.0,0.0,131.686,5.892,B,114533,False,False,False,False,8,2,2010
2010-02-26,23,79,33119.36,False,32.68,2.753,0.0,0.0,0.0,0.0,0.0,131.686,5.892,B,114533,False,False,False,False,8,2,2010
2010-02-26,23,80,1.94,False,32.68,2.753,0.0,0.0,0.0,0.0,0.0,131.686,5.892,B,114533,False,False,False,False,8,2,2010
2010-02-26,23,81,9159.38,False,32.68,2.753,0.0,0.0,0.0,0.0,0.0,131.686,5.892,B,114533,False,False,False,False,8,2,2010
2010-02-26,23,82,18471.49,False,32.68,2.753,0.0,0.0,0.0,0.0,0.0,131.686,5.892,B,114533,False,False,False,False,8,2,2010
2010-02-26,23,83,358.12,False,32.68,2.753,0.0,0.0,0.0,0.0,0.0,131.686,5.892,B,114533,False,False,False,False,8,2,2010
2010-02-26,23,85,3513.49,False,32.68,2.753,0.0,0.0,0.0,0.0,0.0,131.686,5.892,B,114533,False,False,False,False,8,2,2010
2010-02-26,23,87,21981.69,False,32.68,2.753,0.0,0.0,0.0,0.0,0.0,131.686,5.892,B,114533,False,False,False,False,8,2,2010
2010-02-26,23,90,17944.03,False,32.68,2.753,0.0,0.0,0.0,0.0,0.0,131.686,5.892,B,114533,False,False,False,False,8,2,2010
2010-02-26,23,91,7597.32,False,32.68,2.753,0.0,0.0,0.0,0.0,0.0,131.686,5.892,B,114533,False,False,False,False,8,2,2010
2010-02-26,23,92,45953.18,False,32.68,2.753,0.0,0.0,0.0,0.0,0.0,131.686,5.892,B,114533,False,False,False,False,8,2,2010
2010-02-26,23,93,1001.06,False,32.68,2.753,0.0,0.0,0.0,0.0,0.0,131.686,5.892,B,114533,False,False,False,False,8,2,2010
2010-02-26,23,94,0.94,False,32.68,2.753,0.0,0.0,0.0,0.0,0.0,131.686,5.892,B,114533,False,False,False,False,8,2,2010
2010-02-26,23,95,46434.48,False,32.68,2.753,0.0,0.0,0.0,0.0,0.0,131.686,5.892,B,114533,False,False,False,False,8,2,2010
2010-02-26,23,96,6608.36,False,32.68,2.753,0.0,0.0,0.0,0.0,0.0,131.686,5.892,B,114533,False,False,False,False,8,2,2010
2010-02-26,23,97,3666.9,False,32.68,2.753,0.0,0.0,0.0,0.0,0.0,131.686,5.892,B,114533,False,False,False,False,8,2,2010
2010-02-26,23,98,8.5,False,32.68,2.753,0.0,0.0,0.0,0.0,0.0,131.686,5.892,B,114533,False,False,False,False,8,2,2010
2010-03-05,23,1,29662.3,False,33.15,2.766,0.0,0.0,0.0,0.0,0.0,131.735,5.892,B,114533,False,False,False,False,9,3,2010
2010-03-05,23,2,71369.93,False,33.15,2.766,0.0,0.0,0.0,0.0,0.0,131.735,5.892,B,114533,False,False,False,False,9,3,2010
2010-03-05,23,3,17508.84,False,33.15,2.766,0.0,0.0,0.0,0.0,0.0,131.735,5.892,B,114533,False,False,False,False,9,3,2010
2010-03-05,23,4,25980.33,False,33.15,2.766,0.0,0.0,0.0,0.0,0.0,131.735,5.892,B,114533,False,False,False,False,9,3,2010
2010-03-05,23,5,36575.27,False,33.15,2.766,0.0,0.0,0.0,0.0,0.0,131.735,5.892,B,114533,False,False,False,False,9,3,2010
2010-03-05,23,6,8693.05,False,33.15,2.766,0.0,0.0,0.0,0.0,0.0,131.735,5.892,B,114533,False,False,False,False,9,3,2010
2010-03-05,23,7,36054.5,False,33.15,2.766,0.0,0.0,0.0,0.0,0.0,131.735,5.892,B,114533,False,False,False,False,9,3,2010
2010-03-05,23,8,41720.25,False,33.15,2.766,0.0,0.0,0.0,0.0,0.0,131.735,5.892,B,114533,False,False,False,False,9,3,2010
2010-03-05,23,9,32794.68,False,33.15,2.766,0.0,0.0,0.0,0.0,0.0,131.735,5.892,B,114533,False,False,False,False,9,3,2010
2010-03-05,23,10,25022.8,False,33.15,2.766,0.0,0.0,0.0,0.0,0.0,131.735,5.892,B,114533,False,False,False,False,9,3,2010
2010-03-05,23,11,24621.37,False,33.15,2.766,0.0,0.0,0.0,0.0,0.0,131.735,5.892,B,114533,False,False,False,False,9,3,2010
2010-03-05,23,12,5987.3,False,33.15,2.766,0.0,0.0,0.0,0.0,0.0,131.735,5.892,B,114533,False,False,False,False,9,3,2010
2010-03-05,23,13,46353.89,False,33.15,2.766,0.0,0.0,0.0,0.0,0.0,131.735,5.892,B,114533,False,False,False,False,9,3,2010
2010-03-05,23,14,29718.39,False,33.15,2.766,0.0,0.0,0.0,0.0,0.0,131.735,5.892,B,114533,False,False,False,False,9,3,2010
2010-03-05,23,16,7835.69,False,33.15,2.766,0.0,0.0,0.0,0.0,0.0,131.735,5.892,B,114533,False,False,False,False,9,3,2010
2010-03-05,23,17,27835.23,False,33.15,2.766,0.0,0.0,0.0,0.0,0.0,131.735,5.892,B,114533,False,False,False,False,9,3,2010
2010-03-05,23,18,908.35,False,33.15,2.766,0.0,0.0,0.0,0.0,0.0,131.735,5.892,B,114533,False,False,False,False,9,3,2010
2010-03-05,23,19,5808.38,False,33.15,2.766,0.0,0.0,0.0,0.0,0.0,131.735,5.892,B,114533,False,False,False,False,9,3,2010
2010-03-05,23,20,10376.55,False,33.15,2.766,0.0,0.0,0.0,0.0,0.0,131.735,5.892,B,114533,False,False,False,False,9,3,2010
2010-03-05,23,21,10617.42,False,33.15,2.766,0.0,0.0,0.0,0.0,0.0,131.735,5.892,B,114533,False,False,False,False,9,3,2010
2010-03-05,23,22,17705.56,False,33.15,2.766,0.0,0.0,0.0,0.0,0.0,131.735,5.892,B,114533,False,False,False,False,9,3,2010
2010-03-05,23,23,39153.05,False,33.15,2.766,0.0,0.0,0.0,0.0,0.0,131.735,5.892,B,114533,False,False,False,False,9,3,2010
2010-03-05,23,24,11084.97,False,33.15,2.766,0.0,0.0,0.0,0.0,0.0,131.735,5.892,B,114533,False,False,False,False,9,3,2010
2010-03-05,23,25,17253.5,False,33.15,2.766,0.0,0.0,0.0,0.0,0.0,131.735,5.892,B,114533,False,False,False,False,9,3,2010
2010-03-05,23,26,15128.8,False,33.15,2.766,0.0,0.0,0.0,0.0,0.0,131.735,5.892,B,114533,False,False,False,False,9,3,2010
2010-03-05,23,27,3376.56,False,33.15,2.766,0.0,0.0,0.0,0.0,0.0,131.735,5.892,B,114533,False,False,False,False,9,3,2010
2010-03-05,23,28,1206.74,False,33.15,2.766,0.0,0.0,0.0,0.0,0.0,131.735,5.892,B,114533,False,False,False,False,9,3,2010
2010-03-05,23,29,10363.59,False,33.15,2.766,0.0,0.0,0.0,0.0,0.0,131.735,5.892,B,114533,False,False,False,False,9,3,2010
2010-03-05,23,30,9307.5,False,33.15,2.766,0.0,0.0,0.0,0.0,0.0,131.735,5.892,B,114533,False,False,False,False,9,3,2010
2010-03-05,23,31,5465.68,False,33.15,2.766,0.0,0.0,0.0,0.0,0.0,131.735,5.892,B,114533,False,False,False,False,9,3,2010
2010-03-05,23,32,11370.8,False,33.15,2.766,0.0,0.0,0.0,0.0,0.0,131.735,5.892,B,114533,False,False,False,False,9,3,2010
2010-03-05,23,33,11850.05,False,33.15,2.766,0.0,0.0,0.0,0.0,0.0,131.735,5.892,B,114533,False,False,False,False,9,3,2010
2010-03-05,23,34,29175.5,False,33.15,2.766,0.0,0.0,0.0,0.0,0.0,131.735,5.892,B,114533,False,False,False,False,9,3,2010
2010-03-05,23,35,4504.0,False,33.15,2.766,0.0,0.0,0.0,0.0,0.0,131.735,5.892,B,114533,False,False,False,False,9,3,2010
2010-03-05,23,36,2973.5,False,33.15,2.766,0.0,0.0,0.0,0.0,0.0,131.735,5.892,B,114533,False,False,False,False,9,3,2010
2010-03-05,23,38,44198.51,False,33.15,2.766,0.0,0.0,0.0,0.0,0.0,131.735,5.892,B,114533,False,False,False,False,9,3,2010
2010-03-05,23,40,71968.5,False,33.15,2.766,0.0,0.0,0.0,0.0,0.0,131.735,5.892,B,114533,False,False,False,False,9,3,2010
2010-03-05,23,41,1345.0,False,33.15,2.766,0.0,0.0,0.0,0.0,0.0,131.735,5.892,B,114533,False,False,False,False,9,3,2010
2010-03-05,23,42,10453.46,False,33.15,2.766,0.0,0.0,0.0,0.0,0.0,131.735,5.892,B,114533,False,False,False,False,9,3,2010
2010-03-05,23,44,8423.73,False,33.15,2.766,0.0,0.0,0.0,0.0,0.0,131.735,5.892,B,114533,False,False,False,False,9,3,2010
2010-03-05,23,45,14.97,False,33.15,2.766,0.0,0.0,0.0,0.0,0.0,131.735,5.892,B,114533,False,False,False,False,9,3,2010
2010-03-05,23,46,37653.41,False,33.15,2.766,0.0,0.0,0.0,0.0,0.0,131.735,5.892,B,114533,False,False,False,False,9,3,2010
2010-03-05,23,49,33440.95,False,33.15,2.766,0.0,0.0,0.0,0.0,0.0,131.735,5.892,B,114533,False,False,False,False,9,3,2010
2010-03-05,23,50,8538.0,False,33.15,2.766,0.0,0.0,0.0,0.0,0.0,131.735,5.892,B,114533,False,False,False,False,9,3,2010
2010-03-05,23,51,5.92,False,33.15,2.766,0.0,0.0,0.0,0.0,0.0,131.735,5.892,B,114533,False,False,False,False,9,3,2010
2010-03-05,23,52,4611.23,False,33.15,2.766,0.0,0.0,0.0,0.0,0.0,131.735,5.892,B,114533,False,False,False,False,9,3,2010
2010-03-05,23,54,580.0,False,33.15,2.766,0.0,0.0,0.0,0.0,0.0,131.735,5.892,B,114533,False,False,False,False,9,3,2010
2010-03-05,23,55,23878.6,False,33.15,2.766,0.0,0.0,0.0,0.0,0.0,131.735,5.892,B,114533,False,False,False,False,9,3,2010
2010-03-05,23,56,4347.6,False,33.15,2.766,0.0,0.0,0.0,0.0,0.0,131.735,5.892,B,114533,False,False,False,False,9,3,2010
2010-03-05,23,58,1277.0,False,33.15,2.766,0.0,0.0,0.0,0.0,0.0,131.735,5.892,B,114533,False,False,False,False,9,3,2010
2010-03-05,23,59,1337.46,False,33.15,2.766,0.0,0.0,0.0,0.0,0.0,131.735,5.892,B,114533,False,False,False,False,9,3,2010
2010-03-05,23,67,12577.94,False,33.15,2.766,0.0,0.0,0.0,0.0,0.0,131.735,5.892,B,114533,False,False,False,False,9,3,2010
2010-03-05,23,71,14937.58,False,33.15,2.766,0.0,0.0,0.0,0.0,0.0,131.735,5.892,B,114533,False,False,False,False,9,3,2010
2010-03-05,23,72,76042.23,False,33.15,2.766,0.0,0.0,0.0,0.0,0.0,131.735,5.892,B,114533,False,False,False,False,9,3,2010
2010-03-05,23,74,31349.11,False,33.15,2.766,0.0,0.0,0.0,0.0,0.0,131.735,5.892,B,114533,False,False,False,False,9,3,2010
2010-03-05,23,79,34763.62,False,33.15,2.766,0.0,0.0,0.0,0.0,0.0,131.735,5.892,B,114533,False,False,False,False,9,3,2010
2010-03-05,23,81,10646.21,False,33.15,2.766,0.0,0.0,0.0,0.0,0.0,131.735,5.892,B,114533,False,False,False,False,9,3,2010
2010-03-05,23,82,19277.82,False,33.15,2.766,0.0,0.0,0.0,0.0,0.0,131.735,5.892,B,114533,False,False,False,False,9,3,2010
2010-03-05,23,83,279.8,False,33.15,2.766,0.0,0.0,0.0,0.0,0.0,131.735,5.892,B,114533,False,False,False,False,9,3,2010
2010-03-05,23,85,4604.32,False,33.15,2.766,0.0,0.0,0.0,0.0,0.0,131.735,5.892,B,114533,False,False,False,False,9,3,2010
2010-03-05,23,87,28288.75,False,33.15,2.766,0.0,0.0,0.0,0.0,0.0,131.735,5.892,B,114533,False,False,False,False,9,3,2010
2010-03-05,23,90,19599.97,False,33.15,2.766,0.0,0.0,0.0,0.0,0.0,131.735,5.892,B,114533,False,False,False,False,9,3,2010
2010-03-05,23,91,9433.03,False,33.15,2.766,0.0,0.0,0.0,0.0,0.0,131.735,5.892,B,114533,False,False,False,False,9,3,2010
2010-03-05,23,92,49416.21,False,33.15,2.766,0.0,0.0,0.0,0.0,0.0,131.735,5.892,B,114533,False,False,False,False,9,3,2010
2010-03-05,23,93,1336.93,False,33.15,2.766,0.0,0.0,0.0,0.0,0.0,131.735,5.892,B,114533,False,False,False,False,9,3,2010
2010-03-05,23,94,7.52,False,33.15,2.766,0.0,0.0,0.0,0.0,0.0,131.735,5.892,B,114533,False,False,False,False,9,3,2010
2010-03-05,23,95,49846.4,False,33.15,2.766,0.0,0.0,0.0,0.0,0.0,131.735,5.892,B,114533,False,False,False,False,9,3,2010
2010-03-05,23,96,6960.27,False,33.15,2.766,0.0,0.0,0.0,0.0,0.0,131.735,5.892,B,114533,False,False,False,False,9,3,2010
2010-03-05,23,97,4369.56,False,33.15,2.766,0.0,0.0,0.0,0.0,0.0,131.735,5.892,B,114533,False,False,False,False,9,3,2010
2010-03-12,23,1,33445.02,False,36.07,2.805,0.0,0.0,0.0,0.0,0.0,131.784,5.892,B,114533,False,False,False,False,10,3,2010
2010-03-12,23,2,70177.17,False,36.07,2.805,0.0,0.0,0.0,0.0,0.0,131.784,5.892,B,114533,False,False,False,False,10,3,2010
2010-03-12,23,3,16375.49,False,36.07,2.805,0.0,0.0,0.0,0.0,0.0,131.784,5.892,B,114533,False,False,False,False,10,3,2010
2010-03-12,23,4,26726.58,False,36.07,2.805,0.0,0.0,0.0,0.0,0.0,131.784,5.892,B,114533,False,False,False,False,10,3,2010
2010-03-12,23,5,53347.53,False,36.07,2.805,0.0,0.0,0.0,0.0,0.0,131.784,5.892,B,114533,False,False,False,False,10,3,2010
2010-03-12,23,6,10641.75,False,36.07,2.805,0.0,0.0,0.0,0.0,0.0,131.784,5.892,B,114533,False,False,False,False,10,3,2010
2010-03-12,23,7,49721.83,False,36.07,2.805,0.0,0.0,0.0,0.0,0.0,131.784,5.892,B,114533,False,False,False,False,10,3,2010
2010-03-12,23,8,39349.56,False,36.07,2.805,0.0,0.0,0.0,0.0,0.0,131.784,5.892,B,114533,False,False,False,False,10,3,2010
2010-03-12,23,9,42413.87,False,36.07,2.805,0.0,0.0,0.0,0.0,0.0,131.784,5.892,B,114533,False,False,False,False,10,3,2010
2010-03-12,23,10,28754.92,False,36.07,2.805,0.0,0.0,0.0,0.0,0.0,131.784,5.892,B,114533,False,False,False,False,10,3,2010
2010-03-12,23,11,25979.36,False,36.07,2.805,0.0,0.0,0.0,0.0,0.0,131.784,5.892,B,114533,False,False,False,False,10,3,2010
2010-03-12,23,12,7129.9,False,36.07,2.805,0.0,0.0,0.0,0.0,0.0,131.784,5.892,B,114533,False,False,False,False,10,3,2010
2010-03-12,23,13,44488.22,False,36.07,2.805,0.0,0.0,0.0,0.0,0.0,131.784,5.892,B,114533,False,False,False,False,10,3,2010
2010-03-12,23,14,33763.22,False,36.07,2.805,0.0,0.0,0.0,0.0,0.0,131.784,5.892,B,114533,False,False,False,False,10,3,2010
2010-03-12,23,16,13358.38,False,36.07,2.805,0.0,0.0,0.0,0.0,0.0,131.784,5.892,B,114533,False,False,False,False,10,3,2010
2010-03-12,23,17,33738.99,False,36.07,2.805,0.0,0.0,0.0,0.0,0.0,131.784,5.892,B,114533,False,False,False,False,10,3,2010
2010-03-12,23,18,2324.92,False,36.07,2.805,0.0,0.0,0.0,0.0,0.0,131.784,5.892,B,114533,False,False,False,False,10,3,2010
2010-03-12,23,19,4400.78,False,36.07,2.805,0.0,0.0,0.0,0.0,0.0,131.784,5.892,B,114533,False,False,False,False,10,3,2010
2010-03-12,23,20,10232.84,False,36.07,2.805,0.0,0.0,0.0,0.0,0.0,131.784,5.892,B,114533,False,False,False,False,10,3,2010
2010-03-12,23,21,9646.24,False,36.07,2.805,0.0,0.0,0.0,0.0,0.0,131.784,5.892,B,114533,False,False,False,False,10,3,2010
2010-03-12,23,22,24638.06,False,36.07,2.805,0.0,0.0,0.0,0.0,0.0,131.784,5.892,B,114533,False,False,False,False,10,3,2010
2010-03-12,23,23,43321.43,False,36.07,2.805,0.0,0.0,0.0,0.0,0.0,131.784,5.892,B,114533,False,False,False,False,10,3,2010
2010-03-12,23,24,10057.95,False,36.07,2.805,0.0,0.0,0.0,0.0,0.0,131.784,5.892,B,114533,False,False,False,False,10,3,2010
2010-03-12,23,25,21415.05,False,36.07,2.805,0.0,0.0,0.0,0.0,0.0,131.784,5.892,B,114533,False,False,False,False,10,3,2010
2010-03-12,23,26,15186.22,False,36.07,2.805,0.0,0.0,0.0,0.0,0.0,131.784,5.892,B,114533,False,False,False,False,10,3,2010
2010-03-12,23,27,3273.44,False,36.07,2.805,0.0,0.0,0.0,0.0,0.0,131.784,5.892,B,114533,False,False,False,False,10,3,2010
2010-03-12,23,28,1188.09,False,36.07,2.805,0.0,0.0,0.0,0.0,0.0,131.784,5.892,B,114533,False,False,False,False,10,3,2010
2010-03-12,23,29,10004.34,False,36.07,2.805,0.0,0.0,0.0,0.0,0.0,131.784,5.892,B,114533,False,False,False,False,10,3,2010
2010-03-12,23,30,9244.12,False,36.07,2.805,0.0,0.0,0.0,0.0,0.0,131.784,5.892,B,114533,False,False,False,False,10,3,2010
2010-03-12,23,31,4535.96,False,36.07,2.805,0.0,0.0,0.0,0.0,0.0,131.784,5.892,B,114533,False,False,False,False,10,3,2010
2010-03-12,23,32,11586.35,False,36.07,2.805,0.0,0.0,0.0,0.0,0.0,131.784,5.892,B,114533,False,False,False,False,10,3,2010
2010-03-12,23,33,12722.25,False,36.07,2.805,0.0,0.0,0.0,0.0,0.0,131.784,5.892,B,114533,False,False,False,False,10,3,2010
2010-03-12,23,34,27610.5,False,36.07,2.805,0.0,0.0,0.0,0.0,0.0,131.784,5.892,B,114533,False,False,False,False,10,3,2010
2010-03-12,23,35,5692.0,False,36.07,2.805,0.0,0.0,0.0,0.0,0.0,131.784,5.892,B,114533,False,False,False,False,10,3,2010
2010-03-12,23,36,3588.5,False,36.07,2.805,0.0,0.0,0.0,0.0,0.0,131.784,5.892,B,114533,False,False,False,False,10,3,2010
2010-03-12,23,38,39262.87,False,36.07,2.805,0.0,0.0,0.0,0.0,0.0,131.784,5.892,B,114533,False,False,False,False,10,3,2010
2010-03-12,23,40,68045.45,False,36.07,2.805,0.0,0.0,0.0,0.0,0.0,131.784,5.892,B,114533,False,False,False,False,10,3,2010
2010-03-12,23,41,1796.0,False,36.07,2.805,0.0,0.0,0.0,0.0,0.0,131.784,5.892,B,114533,False,False,False,False,10,3,2010
2010-03-12,23,42,13675.52,False,36.07,2.805,0.0,0.0,0.0,0.0,0.0,131.784,5.892,B,114533,False,False,False,False,10,3,2010
2010-03-12,23,44,9711.45,False,36.07,2.805,0.0,0.0,0.0,0.0,0.0,131.784,5.892,B,114533,False,False,False,False,10,3,2010
2010-03-12,23,45,33.47,False,36.07,2.805,0.0,0.0,0.0,0.0,0.0,131.784,5.892,B,114533,False,False,False,False,10,3,2010
2010-03-12,23,46,35703.17,False,36.07,2.805,0.0,0.0,0.0,0.0,0.0,131.784,5.892,B,114533,False,False,False,False,10,3,2010
2010-03-12,23,49,30927.58,False,36.07,2.805,0.0,0.0,0.0,0.0,0.0,131.784,5.892,B,114533,False,False,False,False,10,3,2010
2010-03-12,23,50,8568.0,False,36.07,2.805,0.0,0.0,0.0,0.0,0.0,131.784,5.892,B,114533,False,False,False,False,10,3,2010
2010-03-12,23,51,18.8,False,36.07,2.805,0.0,0.0,0.0,0.0,0.0,131.784,5.892,B,114533,False,False,False,False,10,3,2010
2010-03-12,23,52,5900.11,False,36.07,2.805,0.0,0.0,0.0,0.0,0.0,131.784,5.892,B,114533,False,False,False,False,10,3,2010
2010-03-12,23,54,815.0,False,36.07,2.805,0.0,0.0,0.0,0.0,0.0,131.784,5.892,B,114533,False,False,False,False,10,3,2010
2010-03-12,23,55,27200.01,False,36.07,2.805,0.0,0.0,0.0,0.0,0.0,131.784,5.892,B,114533,False,False,False,False,10,3,2010
2010-03-12,23,56,5453.42,False,36.07,2.805,0.0,0.0,0.0,0.0,0.0,131.784,5.892,B,114533,False,False,False,False,10,3,2010
2010-03-12,23,58,783.0,False,36.07,2.805,0.0,0.0,0.0,0.0,0.0,131.784,5.892,B,114533,False,False,False,False,10,3,2010
2010-03-12,23,59,1400.85,False,36.07,2.805,0.0,0.0,0.0,0.0,0.0,131.784,5.892,B,114533,False,False,False,False,10,3,2010
2010-03-12,23,67,12236.53,False,36.07,2.805,0.0,0.0,0.0,0.0,0.0,131.784,5.892,B,114533,False,False,False,False,10,3,2010
2010-03-12,23,71,18271.18,False,36.07,2.805,0.0,0.0,0.0,0.0,0.0,131.784,5.892,B,114533,False,False,False,False,10,3,2010
2010-03-12,23,72,104909.72,False,36.07,2.805,0.0,0.0,0.0,0.0,0.0,131.784,5.892,B,114533,False,False,False,False,10,3,2010
2010-03-12,23,74,36318.67,False,36.07,2.805,0.0,0.0,0.0,0.0,0.0,131.784,5.892,B,114533,False,False,False,False,10,3,2010
2010-03-12,23,79,39369.36,False,36.07,2.805,0.0,0.0,0.0,0.0,0.0,131.784,5.892,B,114533,False,False,False,False,10,3,2010
2010-03-12,23,80,3.48,False,36.07,2.805,0.0,0.0,0.0,0.0,0.0,131.784,5.892,B,114533,False,False,False,False,10,3,2010
2010-03-12,23,81,10538.88,False,36.07,2.805,0.0,0.0,0.0,0.0,0.0,131.784,5.892,B,114533,False,False,False,False,10,3,2010
2010-03-12,23,82,20220.68,False,36.07,2.805,0.0,0.0,0.0,0.0,0.0,131.784,5.892,B,114533,False,False,False,False,10,3,2010
2010-03-12,23,83,392.54,False,36.07,2.805,0.0,0.0,0.0,0.0,0.0,131.784,5.892,B,114533,False,False,False,False,10,3,2010
2010-03-12,23,85,4393.36,False,36.07,2.805,0.0,0.0,0.0,0.0,0.0,131.784,5.892,B,114533,False,False,False,False,10,3,2010
2010-03-12,23,87,24489.69,False,36.07,2.805,0.0,0.0,0.0,0.0,0.0,131.784,5.892,B,114533,False,False,False,False,10,3,2010
2010-03-12,23,90,17879.23,False,36.07,2.805,0.0,0.0,0.0,0.0,0.0,131.784,5.892,B,114533,False,False,False,False,10,3,2010
2010-03-12,23,91,7951.91,False,36.07,2.805,0.0,0.0,0.0,0.0,0.0,131.784,5.892,B,114533,False,False,False,False,10,3,2010
2010-03-12,23,92,43538.94,False,36.07,2.805,0.0,0.0,0.0,0.0,0.0,131.784,5.892,B,114533,False,False,False,False,10,3,2010
2010-03-12,23,93,1647.46,False,36.07,2.805,0.0,0.0,0.0,0.0,0.0,131.784,5.892,B,114533,False,False,False,False,10,3,2010
2010-03-12,23,94,16.92,False,36.07,2.805,0.0,0.0,0.0,0.0,0.0,131.784,5.892,B,114533,False,False,False,False,10,3,2010
2010-03-12,23,95,45063.99,False,36.07,2.805,0.0,0.0,0.0,0.0,0.0,131.784,5.892,B,114533,False,False,False,False,10,3,2010
2010-03-12,23,96,7486.42,False,36.07,2.805,0.0,0.0,0.0,0.0,0.0,131.784,5.892,B,114533,False,False,False,False,10,3,2010
2010-03-12,23,97,3838.22,False,36.07,2.805,0.0,0.0,0.0,0.0,0.0,131.784,5.892,B,114533,False,False,False,False,10,3,2010
2010-03-12,23,98,140.25,False,36.07,2.805,0.0,0.0,0.0,0.0,0.0,131.784,5.892,B,114533,False,False,False,False,10,3,2010
2010-03-19,23,1,32835.67,False,43.01,2.834,0.0,0.0,0.0,0.0,0.0,131.8242903,5.892,B,114533,False,False,False,False,11,3,2010
2010-03-19,23,2,63695.34,False,43.01,2.834,0.0,0.0,0.0,0.0,0.0,131.8242903,5.892,B,114533,False,False,False,False,11,3,2010
2010-03-19,23,3,15438.68,False,43.01,2.834,0.0,0.0,0.0,0.0,0.0,131.8242903,5.892,B,114533,False,False,False,False,11,3,2010
2010-03-19,23,4,22857.56,False,43.01,2.834,0.0,0.0,0.0,0.0,0.0,131.8242903,5.892,B,114533,False,False,False,False,11,3,2010
2010-03-19,23,5,39532.44,False,43.01,2.834,0.0,0.0,0.0,0.0,0.0,131.8242903,5.892,B,114533,False,False,False,False,11,3,2010
2010-03-19,23,6,7223.61,False,43.01,2.834,0.0,0.0,0.0,0.0,0.0,131.8242903,5.892,B,114533,False,False,False,False,11,3,2010
2010-03-19,23,7,48833.9,False,43.01,2.834,0.0,0.0,0.0,0.0,0.0,131.8242903,5.892,B,114533,False,False,False,False,11,3,2010
2010-03-19,23,8,35319.64,False,43.01,2.834,0.0,0.0,0.0,0.0,0.0,131.8242903,5.892,B,114533,False,False,False,False,11,3,2010
2010-03-19,23,9,37144.29,False,43.01,2.834,0.0,0.0,0.0,0.0,0.0,131.8242903,5.892,B,114533,False,False,False,False,11,3,2010
2010-03-19,23,10,28435.71,False,43.01,2.834,0.0,0.0,0.0,0.0,0.0,131.8242903,5.892,B,114533,False,False,False,False,11,3,2010
2010-03-19,23,11,22599.74,False,43.01,2.834,0.0,0.0,0.0,0.0,0.0,131.8242903,5.892,B,114533,False,False,False,False,11,3,2010
2010-03-19,23,12,6302.24,False,43.01,2.834,0.0,0.0,0.0,0.0,0.0,131.8242903,5.892,B,114533,False,False,False,False,11,3,2010
2010-03-19,23,13,39377.6,False,43.01,2.834,0.0,0.0,0.0,0.0,0.0,131.8242903,5.892,B,114533,False,False,False,False,11,3,2010
2010-03-19,23,14,27604.33,False,43.01,2.834,0.0,0.0,0.0,0.0,0.0,131.8242903,5.892,B,114533,False,False,False,False,11,3,2010
2010-03-19,23,16,15401.41,False,43.01,2.834,0.0,0.0,0.0,0.0,0.0,131.8242903,5.892,B,114533,False,False,False,False,11,3,2010
2010-03-19,23,17,28245.45,False,43.01,2.834,0.0,0.0,0.0,0.0,0.0,131.8242903,5.892,B,114533,False,False,False,False,11,3,2010
2010-03-19,23,18,3857.28,False,43.01,2.834,0.0,0.0,0.0,0.0,0.0,131.8242903,5.892,B,114533,False,False,False,False,11,3,2010
2010-03-19,23,19,5728.77,False,43.01,2.834,0.0,0.0,0.0,0.0,0.0,131.8242903,5.892,B,114533,False,False,False,False,11,3,2010
2010-03-19,23,20,9551.38,False,43.01,2.834,0.0,0.0,0.0,0.0,0.0,131.8242903,5.892,B,114533,False,False,False,False,11,3,2010
2010-03-19,23,21,8855.44,False,43.01,2.834,0.0,0.0,0.0,0.0,0.0,131.8242903,5.892,B,114533,False,False,False,False,11,3,2010
2010-03-19,23,22,18914.13,False,43.01,2.834,0.0,0.0,0.0,0.0,0.0,131.8242903,5.892,B,114533,False,False,False,False,11,3,2010
2010-03-19,23,23,37524.7,False,43.01,2.834,0.0,0.0,0.0,0.0,0.0,131.8242903,5.892,B,114533,False,False,False,False,11,3,2010
2010-03-19,23,24,9851.51,False,43.01,2.834,0.0,0.0,0.0,0.0,0.0,131.8242903,5.892,B,114533,False,False,False,False,11,3,2010
2010-03-19,23,25,19109.25,False,43.01,2.834,0.0,0.0,0.0,0.0,0.0,131.8242903,5.892,B,114533,False,False,False,False,11,3,2010
2010-03-19,23,26,15283.53,False,43.01,2.834,0.0,0.0,0.0,0.0,0.0,131.8242903,5.892,B,114533,False,False,False,False,11,3,2010
2010-03-19,23,27,3063.02,False,43.01,2.834,0.0,0.0,0.0,0.0,0.0,131.8242903,5.892,B,114533,False,False,False,False,11,3,2010
2010-03-19,23,28,1319.69,False,43.01,2.834,0.0,0.0,0.0,0.0,0.0,131.8242903,5.892,B,114533,False,False,False,False,11,3,2010
2010-03-19,23,29,10767.24,False,43.01,2.834,0.0,0.0,0.0,0.0,0.0,131.8242903,5.892,B,114533,False,False,False,False,11,3,2010
2010-03-19,23,30,9925.28,False,43.01,2.834,0.0,0.0,0.0,0.0,0.0,131.8242903,5.892,B,114533,False,False,False,False,11,3,2010
2010-03-19,23,31,3742.14,False,43.01,2.834,0.0,0.0,0.0,0.0,0.0,131.8242903,5.892,B,114533,False,False,False,False,11,3,2010
2010-03-19,23,32,10636.21,False,43.01,2.834,0.0,0.0,0.0,0.0,0.0,131.8242903,5.892,B,114533,False,False,False,False,11,3,2010
2010-03-19,23,33,12246.2,False,43.01,2.834,0.0,0.0,0.0,0.0,0.0,131.8242903,5.892,B,114533,False,False,False,False,11,3,2010
2010-03-19,23,34,28323.47,False,43.01,2.834,0.0,0.0,0.0,0.0,0.0,131.8242903,5.892,B,114533,False,False,False,False,11,3,2010
2010-03-19,23,35,5062.0,False,43.01,2.834,0.0,0.0,0.0,0.0,0.0,131.8242903,5.892,B,114533,False,False,False,False,11,3,2010
2010-03-19,23,36,3123.5,False,43.01,2.834,0.0,0.0,0.0,0.0,0.0,131.8242903,5.892,B,114533,False,False,False,False,11,3,2010
2010-03-19,23,38,31844.12,False,43.01,2.834,0.0,0.0,0.0,0.0,0.0,131.8242903,5.892,B,114533,False,False,False,False,11,3,2010
2010-03-19,23,40,64073.61,False,43.01,2.834,0.0,0.0,0.0,0.0,0.0,131.8242903,5.892,B,114533,False,False,False,False,11,3,2010
2010-03-19,23,41,1222.8,False,43.01,2.834,0.0,0.0,0.0,0.0,0.0,131.8242903,5.892,B,114533,False,False,False,False,11,3,2010
2010-03-19,23,42,12047.63,False,43.01,2.834,0.0,0.0,0.0,0.0,0.0,131.8242903,5.892,B,114533,False,False,False,False,11,3,2010
2010-03-19,23,44,9689.9,False,43.01,2.834,0.0,0.0,0.0,0.0,0.0,131.8242903,5.892,B,114533,False,False,False,False,11,3,2010
2010-03-19,23,45,56.85,False,43.01,2.834,0.0,0.0,0.0,0.0,0.0,131.8242903,5.892,B,114533,False,False,False,False,11,3,2010
2010-03-19,23,46,33103.11,False,43.01,2.834,0.0,0.0,0.0,0.0,0.0,131.8242903,5.892,B,114533,False,False,False,False,11,3,2010
2010-03-19,23,49,28937.14,False,43.01,2.834,0.0,0.0,0.0,0.0,0.0,131.8242903,5.892,B,114533,False,False,False,False,11,3,2010
2010-03-19,23,50,6825.0,False,43.01,2.834,0.0,0.0,0.0,0.0,0.0,131.8242903,5.892,B,114533,False,False,False,False,11,3,2010
2010-03-19,23,51,14.0,False,43.01,2.834,0.0,0.0,0.0,0.0,0.0,131.8242903,5.892,B,114533,False,False,False,False,11,3,2010
2010-03-19,23,52,3640.93,False,43.01,2.834,0.0,0.0,0.0,0.0,0.0,131.8242903,5.892,B,114533,False,False,False,False,11,3,2010
2010-03-19,23,54,951.97,False,43.01,2.834,0.0,0.0,0.0,0.0,0.0,131.8242903,5.892,B,114533,False,False,False,False,11,3,2010
2010-03-19,23,55,19893.69,False,43.01,2.834,0.0,0.0,0.0,0.0,0.0,131.8242903,5.892,B,114533,False,False,False,False,11,3,2010
2010-03-19,23,56,7821.74,False,43.01,2.834,0.0,0.0,0.0,0.0,0.0,131.8242903,5.892,B,114533,False,False,False,False,11,3,2010
2010-03-19,23,58,310.0,False,43.01,2.834,0.0,0.0,0.0,0.0,0.0,131.8242903,5.892,B,114533,False,False,False,False,11,3,2010
2010-03-19,23,59,1358.46,False,43.01,2.834,0.0,0.0,0.0,0.0,0.0,131.8242903,5.892,B,114533,False,False,False,False,11,3,2010
2010-03-19,23,67,12336.96,False,43.01,2.834,0.0,0.0,0.0,0.0,0.0,131.8242903,5.892,B,114533,False,False,False,False,11,3,2010
2010-03-19,23,71,11386.68,False,43.01,2.834,0.0,0.0,0.0,0.0,0.0,131.8242903,5.892,B,114533,False,False,False,False,11,3,2010
2010-03-19,23,72,58704.8,False,43.01,2.834,0.0,0.0,0.0,0.0,0.0,131.8242903,5.892,B,114533,False,False,False,False,11,3,2010
2010-03-19,23,74,29515.91,False,43.01,2.834,0.0,0.0,0.0,0.0,0.0,131.8242903,5.892,B,114533,False,False,False,False,11,3,2010
2010-03-19,23,79,32052.17,False,43.01,2.834,0.0,0.0,0.0,0.0,0.0,131.8242903,5.892,B,114533,False,False,False,False,11,3,2010
2010-03-19,23,80,35.6,False,43.01,2.834,0.0,0.0,0.0,0.0,0.0,131.8242903,5.892,B,114533,False,False,False,False,11,3,2010
2010-03-19,23,81,9914.63,False,43.01,2.834,0.0,0.0,0.0,0.0,0.0,131.8242903,5.892,B,114533,False,False,False,False,11,3,2010
2010-03-19,23,82,19401.03,False,43.01,2.834,0.0,0.0,0.0,0.0,0.0,131.8242903,5.892,B,114533,False,False,False,False,11,3,2010
2010-03-19,23,83,284.18,False,43.01,2.834,0.0,0.0,0.0,0.0,0.0,131.8242903,5.892,B,114533,False,False,False,False,11,3,2010
2010-03-19,23,85,4985.96,False,43.01,2.834,0.0,0.0,0.0,0.0,0.0,131.8242903,5.892,B,114533,False,False,False,False,11,3,2010
2010-03-19,23,87,20177.8,False,43.01,2.834,0.0,0.0,0.0,0.0,0.0,131.8242903,5.892,B,114533,False,False,False,False,11,3,2010
2010-03-19,23,90,16553.43,False,43.01,2.834,0.0,0.0,0.0,0.0,0.0,131.8242903,5.892,B,114533,False,False,False,False,11,3,2010
2010-03-19,23,91,6822.97,False,43.01,2.834,0.0,0.0,0.0,0.0,0.0,131.8242903,5.892,B,114533,False,False,False,False,11,3,2010
2010-03-19,23,92,40764.8,False,43.01,2.834,0.0,0.0,0.0,0.0,0.0,131.8242903,5.892,B,114533,False,False,False,False,11,3,2010
2010-03-19,23,93,1072.19,False,43.01,2.834,0.0,0.0,0.0,0.0,0.0,131.8242903,5.892,B,114533,False,False,False,False,11,3,2010
2010-03-19,23,94,0.94,False,43.01,2.834,0.0,0.0,0.0,0.0,0.0,131.8242903,5.892,B,114533,False,False,False,False,11,3,2010
2010-03-19,23,95,46035.83,False,43.01,2.834,0.0,0.0,0.0,0.0,0.0,131.8242903,5.892,B,114533,False,False,False,False,11,3,2010
2010-03-19,23,96,5930.68,False,43.01,2.834,0.0,0.0,0.0,0.0,0.0,131.8242903,5.892,B,114533,False,False,False,False,11,3,2010
2010-03-19,23,97,3502.96,False,43.01,2.834,0.0,0.0,0.0,0.0,0.0,131.8242903,5.892,B,114533,False,False,False,False,11,3,2010
2010-03-19,23,98,5.5,False,43.01,2.834,0.0,0.0,0.0,0.0,0.0,131.8242903,5.892,B,114533,False,False,False,False,11,3,2010
2010-03-26,23,1,42763.12,False,38.59,2.831,0.0,0.0,0.0,0.0,0.0,131.863129,5.892,B,114533,False,False,False,False,12,3,2010
2010-03-26,23,2,66016.75,False,38.59,2.831,0.0,0.0,0.0,0.0,0.0,131.863129,5.892,B,114533,False,False,False,False,12,3,2010
2010-03-26,23,3,16307.69,False,38.59,2.831,0.0,0.0,0.0,0.0,0.0,131.863129,5.892,B,114533,False,False,False,False,12,3,2010
2010-03-26,23,4,24420.83,False,38.59,2.831,0.0,0.0,0.0,0.0,0.0,131.863129,5.892,B,114533,False,False,False,False,12,3,2010
2010-03-26,23,5,72946.48,False,38.59,2.831,0.0,0.0,0.0,0.0,0.0,131.863129,5.892,B,114533,False,False,False,False,12,3,2010
2010-03-26,23,6,7211.64,False,38.59,2.831,0.0,0.0,0.0,0.0,0.0,131.863129,5.892,B,114533,False,False,False,False,12,3,2010
2010-03-26,23,7,53189.9,False,38.59,2.831,0.0,0.0,0.0,0.0,0.0,131.863129,5.892,B,114533,False,False,False,False,12,3,2010
2010-03-26,23,8,36577.9,False,38.59,2.831,0.0,0.0,0.0,0.0,0.0,131.863129,5.892,B,114533,False,False,False,False,12,3,2010
2010-03-26,23,9,38858.91,False,38.59,2.831,0.0,0.0,0.0,0.0,0.0,131.863129,5.892,B,114533,False,False,False,False,12,3,2010
2010-03-26,23,10,28595.69,False,38.59,2.831,0.0,0.0,0.0,0.0,0.0,131.863129,5.892,B,114533,False,False,False,False,12,3,2010
2010-03-26,23,11,24107.16,False,38.59,2.831,0.0,0.0,0.0,0.0,0.0,131.863129,5.892,B,114533,False,False,False,False,12,3,2010
2010-03-26,23,12,6715.44,False,38.59,2.831,0.0,0.0,0.0,0.0,0.0,131.863129,5.892,B,114533,False,False,False,False,12,3,2010
2010-03-26,23,13,40032.04,False,38.59,2.831,0.0,0.0,0.0,0.0,0.0,131.863129,5.892,B,114533,False,False,False,False,12,3,2010
2010-03-26,23,14,27963.41,False,38.59,2.831,0.0,0.0,0.0,0.0,0.0,131.863129,5.892,B,114533,False,False,False,False,12,3,2010
2010-03-26,23,16,16826.62,False,38.59,2.831,0.0,0.0,0.0,0.0,0.0,131.863129,5.892,B,114533,False,False,False,False,12,3,2010
2010-03-26,23,17,27868.84,False,38.59,2.831,0.0,0.0,0.0,0.0,0.0,131.863129,5.892,B,114533,False,False,False,False,12,3,2010
2010-03-26,23,18,6484.16,False,38.59,2.831,0.0,0.0,0.0,0.0,0.0,131.863129,5.892,B,114533,False,False,False,False,12,3,2010
2010-03-26,23,19,4243.77,False,38.59,2.831,0.0,0.0,0.0,0.0,0.0,131.863129,5.892,B,114533,False,False,False,False,12,3,2010
2010-03-26,23,20,11261.3,False,38.59,2.831,0.0,0.0,0.0,0.0,0.0,131.863129,5.892,B,114533,False,False,False,False,12,3,2010
2010-03-26,23,21,10335.61,False,38.59,2.831,0.0,0.0,0.0,0.0,0.0,131.863129,5.892,B,114533,False,False,False,False,12,3,2010
2010-03-26,23,22,17526.31,False,38.59,2.831,0.0,0.0,0.0,0.0,0.0,131.863129,5.892,B,114533,False,False,False,False,12,3,2010
2010-03-26,23,23,38713.83,False,38.59,2.831,0.0,0.0,0.0,0.0,0.0,131.863129,5.892,B,114533,False,False,False,False,12,3,2010
2010-03-26,23,24,9762.58,False,38.59,2.831,0.0,0.0,0.0,0.0,0.0,131.863129,5.892,B,114533,False,False,False,False,12,3,2010
2010-03-26,23,25,19789.25,False,38.59,2.831,0.0,0.0,0.0,0.0,0.0,131.863129,5.892,B,114533,False,False,False,False,12,3,2010
2010-03-26,23,26,14482.29,False,38.59,2.831,0.0,0.0,0.0,0.0,0.0,131.863129,5.892,B,114533,False,False,False,False,12,3,2010
2010-03-26,23,27,3332.0,False,38.59,2.831,0.0,0.0,0.0,0.0,0.0,131.863129,5.892,B,114533,False,False,False,False,12,3,2010
2010-03-26,23,28,1272.12,False,38.59,2.831,0.0,0.0,0.0,0.0,0.0,131.863129,5.892,B,114533,False,False,False,False,12,3,2010
2010-03-26,23,29,10560.46,False,38.59,2.831,0.0,0.0,0.0,0.0,0.0,131.863129,5.892,B,114533,False,False,False,False,12,3,2010
2010-03-26,23,30,11045.99,False,38.59,2.831,0.0,0.0,0.0,0.0,0.0,131.863129,5.892,B,114533,False,False,False,False,12,3,2010
2010-03-26,23,31,4594.92,False,38.59,2.831,0.0,0.0,0.0,0.0,0.0,131.863129,5.892,B,114533,False,False,False,False,12,3,2010
2010-03-26,23,32,8668.12,False,38.59,2.831,0.0,0.0,0.0,0.0,0.0,131.863129,5.892,B,114533,False,False,False,False,12,3,2010
2010-03-26,23,33,13264.28,False,38.59,2.831,0.0,0.0,0.0,0.0,0.0,131.863129,5.892,B,114533,False,False,False,False,12,3,2010
2010-03-26,23,34,26623.03,False,38.59,2.831,0.0,0.0,0.0,0.0,0.0,131.863129,5.892,B,114533,False,False,False,False,12,3,2010
2010-03-26,23,35,5138.0,False,38.59,2.831,0.0,0.0,0.0,0.0,0.0,131.863129,5.892,B,114533,False,False,False,False,12,3,2010
2010-03-26,23,36,2680.5,False,38.59,2.831,0.0,0.0,0.0,0.0,0.0,131.863129,5.892,B,114533,False,False,False,False,12,3,2010
2010-03-26,23,38,44767.82,False,38.59,2.831,0.0,0.0,0.0,0.0,0.0,131.863129,5.892,B,114533,False,False,False,False,12,3,2010
2010-03-26,23,40,64704.93,False,38.59,2.831,0.0,0.0,0.0,0.0,0.0,131.863129,5.892,B,114533,False,False,False,False,12,3,2010
2010-03-26,23,41,2017.0,False,38.59,2.831,0.0,0.0,0.0,0.0,0.0,131.863129,5.892,B,114533,False,False,False,False,12,3,2010
2010-03-26,23,42,11333.84,False,38.59,2.831,0.0,0.0,0.0,0.0,0.0,131.863129,5.892,B,114533,False,False,False,False,12,3,2010
2010-03-26,23,44,8252.13,False,38.59,2.831,0.0,0.0,0.0,0.0,0.0,131.863129,5.892,B,114533,False,False,False,False,12,3,2010
2010-03-26,23,45,46.64,False,38.59,2.831,0.0,0.0,0.0,0.0,0.0,131.863129,5.892,B,114533,False,False,False,False,12,3,2010
2010-03-26,23,46,32738.08,False,38.59,2.831,0.0,0.0,0.0,0.0,0.0,131.863129,5.892,B,114533,False,False,False,False,12,3,2010
2010-03-26,23,49,29457.59,False,38.59,2.831,0.0,0.0,0.0,0.0,0.0,131.863129,5.892,B,114533,False,False,False,False,12,3,2010
2010-03-26,23,50,6901.0,False,38.59,2.831,0.0,0.0,0.0,0.0,0.0,131.863129,5.892,B,114533,False,False,False,False,12,3,2010
2010-03-26,23,51,32.76,False,38.59,2.831,0.0,0.0,0.0,0.0,0.0,131.863129,5.892,B,114533,False,False,False,False,12,3,2010
2010-03-26,23,52,4988.14,False,38.59,2.831,0.0,0.0,0.0,0.0,0.0,131.863129,5.892,B,114533,False,False,False,False,12,3,2010
2010-03-26,23,54,683.0,False,38.59,2.831,0.0,0.0,0.0,0.0,0.0,131.863129,5.892,B,114533,False,False,False,False,12,3,2010
2010-03-26,23,55,21941.23,False,38.59,2.831,0.0,0.0,0.0,0.0,0.0,131.863129,5.892,B,114533,False,False,False,False,12,3,2010
2010-03-26,23,56,8431.29,False,38.59,2.831,0.0,0.0,0.0,0.0,0.0,131.863129,5.892,B,114533,False,False,False,False,12,3,2010
2010-03-26,23,58,1403.0,False,38.59,2.831,0.0,0.0,0.0,0.0,0.0,131.863129,5.892,B,114533,False,False,False,False,12,3,2010
2010-03-26,23,59,1201.85,False,38.59,2.831,0.0,0.0,0.0,0.0,0.0,131.863129,5.892,B,114533,False,False,False,False,12,3,2010
2010-03-26,23,67,13903.17,False,38.59,2.831,0.0,0.0,0.0,0.0,0.0,131.863129,5.892,B,114533,False,False,False,False,12,3,2010
2010-03-26,23,71,12774.62,False,38.59,2.831,0.0,0.0,0.0,0.0,0.0,131.863129,5.892,B,114533,False,False,False,False,12,3,2010
2010-03-26,23,72,48503.2,False,38.59,2.831,0.0,0.0,0.0,0.0,0.0,131.863129,5.892,B,114533,False,False,False,False,12,3,2010
2010-03-26,23,74,28431.21,False,38.59,2.831,0.0,0.0,0.0,0.0,0.0,131.863129,5.892,B,114533,False,False,False,False,12,3,2010
2010-03-26,23,79,30569.23,False,38.59,2.831,0.0,0.0,0.0,0.0,0.0,131.863129,5.892,B,114533,False,False,False,False,12,3,2010
2010-03-26,23,80,2.39,False,38.59,2.831,0.0,0.0,0.0,0.0,0.0,131.863129,5.892,B,114533,False,False,False,False,12,3,2010
2010-03-26,23,81,10288.68,False,38.59,2.831,0.0,0.0,0.0,0.0,0.0,131.863129,5.892,B,114533,False,False,False,False,12,3,2010
2010-03-26,23,82,19670.01,False,38.59,2.831,0.0,0.0,0.0,0.0,0.0,131.863129,5.892,B,114533,False,False,False,False,12,3,2010
2010-03-26,23,83,288.54,False,38.59,2.831,0.0,0.0,0.0,0.0,0.0,131.863129,5.892,B,114533,False,False,False,False,12,3,2010
2010-03-26,23,85,4368.54,False,38.59,2.831,0.0,0.0,0.0,0.0,0.0,131.863129,5.892,B,114533,False,False,False,False,12,3,2010
2010-03-26,23,87,21382.91,False,38.59,2.831,0.0,0.0,0.0,0.0,0.0,131.863129,5.892,B,114533,False,False,False,False,12,3,2010
2010-03-26,23,90,18319.21,False,38.59,2.831,0.0,0.0,0.0,0.0,0.0,131.863129,5.892,B,114533,False,False,False,False,12,3,2010
2010-03-26,23,91,7433.76,False,38.59,2.831,0.0,0.0,0.0,0.0,0.0,131.863129,5.892,B,114533,False,False,False,False,12,3,2010
2010-03-26,23,92,43243.79,False,38.59,2.831,0.0,0.0,0.0,0.0,0.0,131.863129,5.892,B,114533,False,False,False,False,12,3,2010
2010-03-26,23,93,1045.61,False,38.59,2.831,0.0,0.0,0.0,0.0,0.0,131.863129,5.892,B,114533,False,False,False,False,12,3,2010
2010-03-26,23,94,15.04,False,38.59,2.831,0.0,0.0,0.0,0.0,0.0,131.863129,5.892,B,114533,False,False,False,False,12,3,2010
2010-03-26,23,95,50956.5,False,38.59,2.831,0.0,0.0,0.0,0.0,0.0,131.863129,5.892,B,114533,False,False,False,False,12,3,2010
2010-03-26,23,96,6576.96,False,38.59,2.831,0.0,0.0,0.0,0.0,0.0,131.863129,5.892,B,114533,False,False,False,False,12,3,2010
2010-03-26,23,97,3847.19,False,38.59,2.831,0.0,0.0,0.0,0.0,0.0,131.863129,5.892,B,114533,False,False,False,False,12,3,2010
2010-04-02,23,1,112577.06,False,40.5,2.826,0.0,0.0,0.0,0.0,0.0,131.9019677,5.435,B,114533,False,False,False,False,13,4,2010
2010-04-02,23,2,73361.18,False,40.5,2.826,0.0,0.0,0.0,0.0,0.0,131.9019677,5.435,B,114533,False,False,False,False,13,4,2010
2010-04-02,23,3,19082.33,False,40.5,2.826,0.0,0.0,0.0,0.0,0.0,131.9019677,5.435,B,114533,False,False,False,False,13,4,2010
2010-04-02,23,4,27007.39,False,40.5,2.826,0.0,0.0,0.0,0.0,0.0,131.9019677,5.435,B,114533,False,False,False,False,13,4,2010
2010-04-02,23,5,66706.9,False,40.5,2.826,0.0,0.0,0.0,0.0,0.0,131.9019677,5.435,B,114533,False,False,False,False,13,4,2010
2010-04-02,23,6,6958.54,False,40.5,2.826,0.0,0.0,0.0,0.0,0.0,131.9019677,5.435,B,114533,False,False,False,False,13,4,2010
2010-04-02,23,7,83617.39,False,40.5,2.826,0.0,0.0,0.0,0.0,0.0,131.9019677,5.435,B,114533,False,False,False,False,13,4,2010
2010-04-02,23,8,40395.8,False,40.5,2.826,0.0,0.0,0.0,0.0,0.0,131.9019677,5.435,B,114533,False,False,False,False,13,4,2010
2010-04-02,23,9,51560.04,False,40.5,2.826,0.0,0.0,0.0,0.0,0.0,131.9019677,5.435,B,114533,False,False,False,False,13,4,2010
2010-04-02,23,10,30835.45,False,40.5,2.826,0.0,0.0,0.0,0.0,0.0,131.9019677,5.435,B,114533,False,False,False,False,13,4,2010
2010-04-02,23,11,23214.45,False,40.5,2.826,0.0,0.0,0.0,0.0,0.0,131.9019677,5.435,B,114533,False,False,False,False,13,4,2010
2010-04-02,23,12,6717.38,False,40.5,2.826,0.0,0.0,0.0,0.0,0.0,131.9019677,5.435,B,114533,False,False,False,False,13,4,2010
2010-04-02,23,13,42398.89,False,40.5,2.826,0.0,0.0,0.0,0.0,0.0,131.9019677,5.435,B,114533,False,False,False,False,13,4,2010
2010-04-02,23,14,30974.53,False,40.5,2.826,0.0,0.0,0.0,0.0,0.0,131.9019677,5.435,B,114533,False,False,False,False,13,4,2010
2010-04-02,23,16,22291.23,False,40.5,2.826,0.0,0.0,0.0,0.0,0.0,131.9019677,5.435,B,114533,False,False,False,False,13,4,2010
2010-04-02,23,17,27044.35,False,40.5,2.826,0.0,0.0,0.0,0.0,0.0,131.9019677,5.435,B,114533,False,False,False,False,13,4,2010
2010-04-02,23,18,23738.08,False,40.5,2.826,0.0,0.0,0.0,0.0,0.0,131.9019677,5.435,B,114533,False,False,False,False,13,4,2010
2010-04-02,23,19,3814.22,False,40.5,2.826,0.0,0.0,0.0,0.0,0.0,131.9019677,5.435,B,114533,False,False,False,False,13,4,2010
2010-04-02,23,20,10894.53,False,40.5,2.826,0.0,0.0,0.0,0.0,0.0,131.9019677,5.435,B,114533,False,False,False,False,13,4,2010
2010-04-02,23,21,13222.56,False,40.5,2.826,0.0,0.0,0.0,0.0,0.0,131.9019677,5.435,B,114533,False,False,False,False,13,4,2010
2010-04-02,23,22,20369.6,False,40.5,2.826,0.0,0.0,0.0,0.0,0.0,131.9019677,5.435,B,114533,False,False,False,False,13,4,2010
2010-04-02,23,23,41847.9,False,40.5,2.826,0.0,0.0,0.0,0.0,0.0,131.9019677,5.435,B,114533,False,False,False,False,13,4,2010
2010-04-02,23,24,14747.2,False,40.5,2.826,0.0,0.0,0.0,0.0,0.0,131.9019677,5.435,B,114533,False,False,False,False,13,4,2010
2010-04-02,23,25,23420.0,False,40.5,2.826,0.0,0.0,0.0,0.0,0.0,131.9019677,5.435,B,114533,False,False,False,False,13,4,2010
2010-04-02,23,26,19827.71,False,40.5,2.826,0.0,0.0,0.0,0.0,0.0,131.9019677,5.435,B,114533,False,False,False,False,13,4,2010
2010-04-02,23,27,3020.3,False,40.5,2.826,0.0,0.0,0.0,0.0,0.0,131.9019677,5.435,B,114533,False,False,False,False,13,4,2010
2010-04-02,23,28,1330.55,False,40.5,2.826,0.0,0.0,0.0,0.0,0.0,131.9019677,5.435,B,114533,False,False,False,False,13,4,2010
2010-04-02,23,29,10836.44,False,40.5,2.826,0.0,0.0,0.0,0.0,0.0,131.9019677,5.435,B,114533,False,False,False,False,13,4,2010
2010-04-02,23,30,11932.26,False,40.5,2.826,0.0,0.0,0.0,0.0,0.0,131.9019677,5.435,B,114533,False,False,False,False,13,4,2010
2010-04-02,23,31,4911.06,False,40.5,2.826,0.0,0.0,0.0,0.0,0.0,131.9019677,5.435,B,114533,False,False,False,False,13,4,2010
2010-04-02,23,32,11877.83,False,40.5,2.826,0.0,0.0,0.0,0.0,0.0,131.9019677,5.435,B,114533,False,False,False,False,13,4,2010
2010-04-02,23,33,18716.41,False,40.5,2.826,0.0,0.0,0.0,0.0,0.0,131.9019677,5.435,B,114533,False,False,False,False,13,4,2010
2010-04-02,23,34,30879.0,False,40.5,2.826,0.0,0.0,0.0,0.0,0.0,131.9019677,5.435,B,114533,False,False,False,False,13,4,2010
2010-04-02,23,35,5371.5,False,40.5,2.826,0.0,0.0,0.0,0.0,0.0,131.9019677,5.435,B,114533,False,False,False,False,13,4,2010
2010-04-02,23,36,3211.0,False,40.5,2.826,0.0,0.0,0.0,0.0,0.0,131.9019677,5.435,B,114533,False,False,False,False,13,4,2010
2010-04-02,23,38,43249.97,False,40.5,2.826,0.0,0.0,0.0,0.0,0.0,131.9019677,5.435,B,114533,False,False,False,False,13,4,2010
2010-04-02,23,40,68736.22,False,40.5,2.826,0.0,0.0,0.0,0.0,0.0,131.9019677,5.435,B,114533,False,False,False,False,13,4,2010
2010-04-02,23,41,2459.0,False,40.5,2.826,0.0,0.0,0.0,0.0,0.0,131.9019677,5.435,B,114533,False,False,False,False,13,4,2010
2010-04-02,23,42,13307.06,False,40.5,2.826,0.0,0.0,0.0,0.0,0.0,131.9019677,5.435,B,114533,False,False,False,False,13,4,2010
2010-04-02,23,44,9448.83,False,40.5,2.826,0.0,0.0,0.0,0.0,0.0,131.9019677,5.435,B,114533,False,False,False,False,13,4,2010
2010-04-02,23,45,69.11,False,40.5,2.826,0.0,0.0,0.0,0.0,0.0,131.9019677,5.435,B,114533,False,False,False,False,13,4,2010
2010-04-02,23,46,36920.94,False,40.5,2.826,0.0,0.0,0.0,0.0,0.0,131.9019677,5.435,B,114533,False,False,False,False,13,4,2010
2010-04-02,23,49,32321.68,False,40.5,2.826,0.0,0.0,0.0,0.0,0.0,131.9019677,5.435,B,114533,False,False,False,False,13,4,2010
2010-04-02,23,50,8003.25,False,40.5,2.826,0.0,0.0,0.0,0.0,0.0,131.9019677,5.435,B,114533,False,False,False,False,13,4,2010
2010-04-02,23,51,55.96,False,40.5,2.826,0.0,0.0,0.0,0.0,0.0,131.9019677,5.435,B,114533,False,False,False,False,13,4,2010
2010-04-02,23,52,4344.19,False,40.5,2.826,0.0,0.0,0.0,0.0,0.0,131.9019677,5.435,B,114533,False,False,False,False,13,4,2010
2010-04-02,23,54,1056.5,False,40.5,2.826,0.0,0.0,0.0,0.0,0.0,131.9019677,5.435,B,114533,False,False,False,False,13,4,2010
2010-04-02,23,55,26168.42,False,40.5,2.826,0.0,0.0,0.0,0.0,0.0,131.9019677,5.435,B,114533,False,False,False,False,13,4,2010
2010-04-02,23,56,12017.34,False,40.5,2.826,0.0,0.0,0.0,0.0,0.0,131.9019677,5.435,B,114533,False,False,False,False,13,4,2010
2010-04-02,23,58,490.0,False,40.5,2.826,0.0,0.0,0.0,0.0,0.0,131.9019677,5.435,B,114533,False,False,False,False,13,4,2010
2010-04-02,23,59,1248.39,False,40.5,2.826,0.0,0.0,0.0,0.0,0.0,131.9019677,5.435,B,114533,False,False,False,False,13,4,2010
2010-04-02,23,67,17806.39,False,40.5,2.826,0.0,0.0,0.0,0.0,0.0,131.9019677,5.435,B,114533,False,False,False,False,13,4,2010
2010-04-02,23,71,10805.64,False,40.5,2.826,0.0,0.0,0.0,0.0,0.0,131.9019677,5.435,B,114533,False,False,False,False,13,4,2010
2010-04-02,23,72,60193.48,False,40.5,2.826,0.0,0.0,0.0,0.0,0.0,131.9019677,5.435,B,114533,False,False,False,False,13,4,2010
2010-04-02,23,74,29600.01,False,40.5,2.826,0.0,0.0,0.0,0.0,0.0,131.9019677,5.435,B,114533,False,False,False,False,13,4,2010
2010-04-02,23,79,34940.22,False,40.5,2.826,0.0,0.0,0.0,0.0,0.0,131.9019677,5.435,B,114533,False,False,False,False,13,4,2010
2010-04-02,23,80,51.84,False,40.5,2.826,0.0,0.0,0.0,0.0,0.0,131.9019677,5.435,B,114533,False,False,False,False,13,4,2010
2010-04-02,23,81,9866.09,False,40.5,2.826,0.0,0.0,0.0,0.0,0.0,131.9019677,5.435,B,114533,False,False,False,False,13,4,2010
2010-04-02,23,82,23832.69,False,40.5,2.826,0.0,0.0,0.0,0.0,0.0,131.9019677,5.435,B,114533,False,False,False,False,13,4,2010
2010-04-02,23,83,343.14,False,40.5,2.826,0.0,0.0,0.0,0.0,0.0,131.9019677,5.435,B,114533,False,False,False,False,13,4,2010
2010-04-02,23,85,5757.33,False,40.5,2.826,0.0,0.0,0.0,0.0,0.0,131.9019677,5.435,B,114533,False,False,False,False,13,4,2010
2010-04-02,23,87,26912.26,False,40.5,2.826,0.0,0.0,0.0,0.0,0.0,131.9019677,5.435,B,114533,False,False,False,False,13,4,2010
2010-04-02,23,90,19579.98,False,40.5,2.826,0.0,0.0,0.0,0.0,0.0,131.9019677,5.435,B,114533,False,False,False,False,13,4,2010
2010-04-02,23,91,8497.34,False,40.5,2.826,0.0,0.0,0.0,0.0,0.0,131.9019677,5.435,B,114533,False,False,False,False,13,4,2010
2010-04-02,23,92,44928.05,False,40.5,2.826,0.0,0.0,0.0,0.0,0.0,131.9019677,5.435,B,114533,False,False,False,False,13,4,2010
2010-04-02,23,93,1621.27,False,40.5,2.826,0.0,0.0,0.0,0.0,0.0,131.9019677,5.435,B,114533,False,False,False,False,13,4,2010
2010-04-02,23,94,10.34,False,40.5,2.826,0.0,0.0,0.0,0.0,0.0,131.9019677,5.435,B,114533,False,False,False,False,13,4,2010
2010-04-02,23,95,50796.44,False,40.5,2.826,0.0,0.0,0.0,0.0,0.0,131.9019677,5.435,B,114533,False,False,False,False,13,4,2010
2010-04-02,23,96,8206.64,False,40.5,2.826,0.0,0.0,0.0,0.0,0.0,131.9019677,5.435,B,114533,False,False,False,False,13,4,2010
2010-04-02,23,97,4160.55,False,40.5,2.826,0.0,0.0,0.0,0.0,0.0,131.9019677,5.435,B,114533,False,False,False,False,13,4,2010
2010-04-02,23,98,110.0,False,40.5,2.826,0.0,0.0,0.0,0.0,0.0,131.9019677,5.435,B,114533,False,False,False,False,13,4,2010
2010-04-09,23,1,35152.11,False,56.82,2.849,0.0,0.0,0.0,0.0,0.0,131.9408065,5.435,B,114533,False,False,False,False,14,4,2010
2010-04-09,23,2,64624.41,False,56.82,2.849,0.0,0.0,0.0,0.0,0.0,131.9408065,5.435,B,114533,False,False,False,False,14,4,2010
2010-04-09,23,3,15684.15,False,56.82,2.849,0.0,0.0,0.0,0.0,0.0,131.9408065,5.435,B,114533,False,False,False,False,14,4,2010
2010-04-09,23,4,22862.96,False,56.82,2.849,0.0,0.0,0.0,0.0,0.0,131.9408065,5.435,B,114533,False,False,False,False,14,4,2010
2010-04-09,23,5,36489.13,False,56.82,2.849,0.0,0.0,0.0,0.0,0.0,131.9408065,5.435,B,114533,False,False,False,False,14,4,2010
2010-04-09,23,6,5902.07,False,56.82,2.849,0.0,0.0,0.0,0.0,0.0,131.9408065,5.435,B,114533,False,False,False,False,14,4,2010
2010-04-09,23,7,50551.59,False,56.82,2.849,0.0,0.0,0.0,0.0,0.0,131.9408065,5.435,B,114533,False,False,False,False,14,4,2010
2010-04-09,23,8,33543.99,False,56.82,2.849,0.0,0.0,0.0,0.0,0.0,131.9408065,5.435,B,114533,False,False,False,False,14,4,2010
2010-04-09,23,9,49243.66,False,56.82,2.849,0.0,0.0,0.0,0.0,0.0,131.9408065,5.435,B,114533,False,False,False,False,14,4,2010
2010-04-09,23,10,31039.64,False,56.82,2.849,0.0,0.0,0.0,0.0,0.0,131.9408065,5.435,B,114533,False,False,False,False,14,4,2010
2010-04-09,23,11,24667.7,False,56.82,2.849,0.0,0.0,0.0,0.0,0.0,131.9408065,5.435,B,114533,False,False,False,False,14,4,2010
2010-04-09,23,12,7241.92,False,56.82,2.849,0.0,0.0,0.0,0.0,0.0,131.9408065,5.435,B,114533,False,False,False,False,14,4,2010
2010-04-09,23,13,38321.71,False,56.82,2.849,0.0,0.0,0.0,0.0,0.0,131.9408065,5.435,B,114533,False,False,False,False,14,4,2010
2010-04-09,23,14,24315.43,False,56.82,2.849,0.0,0.0,0.0,0.0,0.0,131.9408065,5.435,B,114533,False,False,False,False,14,4,2010
2010-04-09,23,16,35984.55,False,56.82,2.849,0.0,0.0,0.0,0.0,0.0,131.9408065,5.435,B,114533,False,False,False,False,14,4,2010
2010-04-09,23,17,22437.23,False,56.82,2.849,0.0,0.0,0.0,0.0,0.0,131.9408065,5.435,B,114533,False,False,False,False,14,4,2010
2010-04-09,23,18,6899.76,False,56.82,2.849,0.0,0.0,0.0,0.0,0.0,131.9408065,5.435,B,114533,False,False,False,False,14,4,2010
2010-04-09,23,19,3716.12,False,56.82,2.849,0.0,0.0,0.0,0.0,0.0,131.9408065,5.435,B,114533,False,False,False,False,14,4,2010
2010-04-09,23,20,8553.38,False,56.82,2.849,0.0,0.0,0.0,0.0,0.0,131.9408065,5.435,B,114533,False,False,False,False,14,4,2010
2010-04-09,23,21,8448.66,False,56.82,2.849,0.0,0.0,0.0,0.0,0.0,131.9408065,5.435,B,114533,False,False,False,False,14,4,2010
2010-04-09,23,22,13483.94,False,56.82,2.849,0.0,0.0,0.0,0.0,0.0,131.9408065,5.435,B,114533,False,False,False,False,14,4,2010
2010-04-09,23,23,45664.34,False,56.82,2.849,0.0,0.0,0.0,0.0,0.0,131.9408065,5.435,B,114533,False,False,False,False,14,4,2010
2010-04-09,23,24,13450.81,False,56.82,2.849,0.0,0.0,0.0,0.0,0.0,131.9408065,5.435,B,114533,False,False,False,False,14,4,2010
2010-04-09,23,25,23320.5,False,56.82,2.849,0.0,0.0,0.0,0.0,0.0,131.9408065,5.435,B,114533,False,False,False,False,14,4,2010
2010-04-09,23,26,15754.81,False,56.82,2.849,0.0,0.0,0.0,0.0,0.0,131.9408065,5.435,B,114533,False,False,False,False,14,4,2010
2010-04-09,23,27,2738.38,False,56.82,2.849,0.0,0.0,0.0,0.0,0.0,131.9408065,5.435,B,114533,False,False,False,False,14,4,2010
2010-04-09,23,28,1041.38,False,56.82,2.849,0.0,0.0,0.0,0.0,0.0,131.9408065,5.435,B,114533,False,False,False,False,14,4,2010
2010-04-09,23,29,10317.69,False,56.82,2.849,0.0,0.0,0.0,0.0,0.0,131.9408065,5.435,B,114533,False,False,False,False,14,4,2010
2010-04-09,23,30,10163.79,False,56.82,2.849,0.0,0.0,0.0,0.0,0.0,131.9408065,5.435,B,114533,False,False,False,False,14,4,2010
2010-04-09,23,31,4092.84,False,56.82,2.849,0.0,0.0,0.0,0.0,0.0,131.9408065,5.435,B,114533,False,False,False,False,14,4,2010
2010-04-09,23,32,10812.65,False,56.82,2.849,0.0,0.0,0.0,0.0,0.0,131.9408065,5.435,B,114533,False,False,False,False,14,4,2010
2010-04-09,23,33,12759.41,False,56.82,2.849,0.0,0.0,0.0,0.0,0.0,131.9408065,5.435,B,114533,False,False,False,False,14,4,2010
2010-04-09,23,34,31849.5,False,56.82,2.849,0.0,0.0,0.0,0.0,0.0,131.9408065,5.435,B,114533,False,False,False,False,14,4,2010
2010-04-09,23,35,5799.5,False,56.82,2.849,0.0,0.0,0.0,0.0,0.0,131.9408065,5.435,B,114533,False,False,False,False,14,4,2010
2010-04-09,23,36,3018.8,False,56.82,2.849,0.0,0.0,0.0,0.0,0.0,131.9408065,5.435,B,114533,False,False,False,False,14,4,2010
2010-04-09,23,38,40174.85,False,56.82,2.849,0.0,0.0,0.0,0.0,0.0,131.9408065,5.435,B,114533,False,False,False,False,14,4,2010
2010-04-09,23,40,65751.1,False,56.82,2.849,0.0,0.0,0.0,0.0,0.0,131.9408065,5.435,B,114533,False,False,False,False,14,4,2010
2010-04-09,23,41,2728.0,False,56.82,2.849,0.0,0.0,0.0,0.0,0.0,131.9408065,5.435,B,114533,False,False,False,False,14,4,2010
2010-04-09,23,42,12017.59,False,56.82,2.849,0.0,0.0,0.0,0.0,0.0,131.9408065,5.435,B,114533,False,False,False,False,14,4,2010
2010-04-09,23,44,7020.92,False,56.82,2.849,0.0,0.0,0.0,0.0,0.0,131.9408065,5.435,B,114533,False,False,False,False,14,4,2010
2010-04-09,23,45,41.88,False,56.82,2.849,0.0,0.0,0.0,0.0,0.0,131.9408065,5.435,B,114533,False,False,False,False,14,4,2010
2010-04-09,23,46,33949.49,False,56.82,2.849,0.0,0.0,0.0,0.0,0.0,131.9408065,5.435,B,114533,False,False,False,False,14,4,2010
2010-04-09,23,49,21084.26,False,56.82,2.849,0.0,0.0,0.0,0.0,0.0,131.9408065,5.435,B,114533,False,False,False,False,14,4,2010
2010-04-09,23,50,6600.0,False,56.82,2.849,0.0,0.0,0.0,0.0,0.0,131.9408065,5.435,B,114533,False,False,False,False,14,4,2010
2010-04-09,23,51,63.28,False,56.82,2.849,0.0,0.0,0.0,0.0,0.0,131.9408065,5.435,B,114533,False,False,False,False,14,4,2010
2010-04-09,23,52,3720.79,False,56.82,2.849,0.0,0.0,0.0,0.0,0.0,131.9408065,5.435,B,114533,False,False,False,False,14,4,2010
2010-04-09,23,54,571.0,False,56.82,2.849,0.0,0.0,0.0,0.0,0.0,131.9408065,5.435,B,114533,False,False,False,False,14,4,2010
2010-04-09,23,55,18024.14,False,56.82,2.849,0.0,0.0,0.0,0.0,0.0,131.9408065,5.435,B,114533,False,False,False,False,14,4,2010
2010-04-09,23,56,11319.95,False,56.82,2.849,0.0,0.0,0.0,0.0,0.0,131.9408065,5.435,B,114533,False,False,False,False,14,4,2010
2010-04-09,23,58,285.0,False,56.82,2.849,0.0,0.0,0.0,0.0,0.0,131.9408065,5.435,B,114533,False,False,False,False,14,4,2010
2010-04-09,23,59,1363.42,False,56.82,2.849,0.0,0.0,0.0,0.0,0.0,131.9408065,5.435,B,114533,False,False,False,False,14,4,2010
2010-04-09,23,67,11399.46,False,56.82,2.849,0.0,0.0,0.0,0.0,0.0,131.9408065,5.435,B,114533,False,False,False,False,14,4,2010
2010-04-09,23,71,9187.14,False,56.82,2.849,0.0,0.0,0.0,0.0,0.0,131.9408065,5.435,B,114533,False,False,False,False,14,4,2010
2010-04-09,23,72,54651.39,False,56.82,2.849,0.0,0.0,0.0,0.0,0.0,131.9408065,5.435,B,114533,False,False,False,False,14,4,2010
2010-04-09,23,74,31419.72,False,56.82,2.849,0.0,0.0,0.0,0.0,0.0,131.9408065,5.435,B,114533,False,False,False,False,14,4,2010
2010-04-09,23,79,28568.81,False,56.82,2.849,0.0,0.0,0.0,0.0,0.0,131.9408065,5.435,B,114533,False,False,False,False,14,4,2010
2010-04-09,23,80,47.78,False,56.82,2.849,0.0,0.0,0.0,0.0,0.0,131.9408065,5.435,B,114533,False,False,False,False,14,4,2010
2010-04-09,23,81,7677.28,False,56.82,2.849,0.0,0.0,0.0,0.0,0.0,131.9408065,5.435,B,114533,False,False,False,False,14,4,2010
2010-04-09,23,82,17346.68,False,56.82,2.849,0.0,0.0,0.0,0.0,0.0,131.9408065,5.435,B,114533,False,False,False,False,14,4,2010
2010-04-09,23,83,166.5,False,56.82,2.849,0.0,0.0,0.0,0.0,0.0,131.9408065,5.435,B,114533,False,False,False,False,14,4,2010
2010-04-09,23,85,4812.08,False,56.82,2.849,0.0,0.0,0.0,0.0,0.0,131.9408065,5.435,B,114533,False,False,False,False,14,4,2010
2010-04-09,23,87,25679.61,False,56.82,2.849,0.0,0.0,0.0,0.0,0.0,131.9408065,5.435,B,114533,False,False,False,False,14,4,2010
2010-04-09,23,90,15350.05,False,56.82,2.849,0.0,0.0,0.0,0.0,0.0,131.9408065,5.435,B,114533,False,False,False,False,14,4,2010
2010-04-09,23,91,6728.15,False,56.82,2.849,0.0,0.0,0.0,0.0,0.0,131.9408065,5.435,B,114533,False,False,False,False,14,4,2010
2010-04-09,23,92,38229.72,False,56.82,2.849,0.0,0.0,0.0,0.0,0.0,131.9408065,5.435,B,114533,False,False,False,False,14,4,2010
2010-04-09,23,93,1065.89,False,56.82,2.849,0.0,0.0,0.0,0.0,0.0,131.9408065,5.435,B,114533,False,False,False,False,14,4,2010
2010-04-09,23,94,6.58,False,56.82,2.849,0.0,0.0,0.0,0.0,0.0,131.9408065,5.435,B,114533,False,False,False,False,14,4,2010
2010-04-09,23,95,46641.72,False,56.82,2.849,0.0,0.0,0.0,0.0,0.0,131.9408065,5.435,B,114533,False,False,False,False,14,4,2010
2010-04-09,23,96,7451.65,False,56.82,2.849,0.0,0.0,0.0,0.0,0.0,131.9408065,5.435,B,114533,False,False,False,False,14,4,2010
2010-04-09,23,97,3227.56,False,56.82,2.849,0.0,0.0,0.0,0.0,0.0,131.9408065,5.435,B,114533,False,False,False,False,14,4,2010
2010-04-09,23,98,112.75,False,56.82,2.849,0.0,0.0,0.0,0.0,0.0,131.9408065,5.435,B,114533,False,False,False,False,14,4,2010
2010-04-16,23,1,21808.82,False,44.25,2.885,0.0,0.0,0.0,0.0,0.0,131.9809,5.435,B,114533,False,False,False,False,15,4,2010
2010-04-16,23,2,69554.04,False,44.25,2.885,0.0,0.0,0.0,0.0,0.0,131.9809,5.435,B,114533,False,False,False,False,15,4,2010
2010-04-16,23,3,15696.42,False,44.25,2.885,0.0,0.0,0.0,0.0,0.0,131.9809,5.435,B,114533,False,False,False,False,15,4,2010
2010-04-16,23,4,26797.08,False,44.25,2.885,0.0,0.0,0.0,0.0,0.0,131.9809,5.435,B,114533,False,False,False,False,15,4,2010
2010-04-16,23,5,26572.54,False,44.25,2.885,0.0,0.0,0.0,0.0,0.0,131.9809,5.435,B,114533,False,False,False,False,15,4,2010
2010-04-16,23,6,8203.19,False,44.25,2.885,0.0,0.0,0.0,0.0,0.0,131.9809,5.435,B,114533,False,False,False,False,15,4,2010
2010-04-16,23,7,44143.41,False,44.25,2.885,0.0,0.0,0.0,0.0,0.0,131.9809,5.435,B,114533,False,False,False,False,15,4,2010
2010-04-16,23,8,35981.38,False,44.25,2.885,0.0,0.0,0.0,0.0,0.0,131.9809,5.435,B,114533,False,False,False,False,15,4,2010
2010-04-16,23,9,54835.47,False,44.25,2.885,0.0,0.0,0.0,0.0,0.0,131.9809,5.435,B,114533,False,False,False,False,15,4,2010
2010-04-16,23,10,31671.52,False,44.25,2.885,0.0,0.0,0.0,0.0,0.0,131.9809,5.435,B,114533,False,False,False,False,15,4,2010
2010-04-16,23,11,24266.87,False,44.25,2.885,0.0,0.0,0.0,0.0,0.0,131.9809,5.435,B,114533,False,False,False,False,15,4,2010
2010-04-16,23,12,7395.67,False,44.25,2.885,0.0,0.0,0.0,0.0,0.0,131.9809,5.435,B,114533,False,False,False,False,15,4,2010
2010-04-16,23,13,46453.42,False,44.25,2.885,0.0,0.0,0.0,0.0,0.0,131.9809,5.435,B,114533,False,False,False,False,15,4,2010
2010-04-16,23,14,26991.38,False,44.25,2.885,0.0,0.0,0.0,0.0,0.0,131.9809,5.435,B,114533,False,False,False,False,15,4,2010
2010-04-16,23,16,37830.5,False,44.25,2.885,0.0,0.0,0.0,0.0,0.0,131.9809,5.435,B,114533,False,False,False,False,15,4,2010
2010-04-16,23,17,23658.57,False,44.25,2.885,0.0,0.0,0.0,0.0,0.0,131.9809,5.435,B,114533,False,False,False,False,15,4,2010
2010-04-16,23,18,393.81,False,44.25,2.885,0.0,0.0,0.0,0.0,0.0,131.9809,5.435,B,114533,False,False,False,False,15,4,2010
2010-04-16,23,19,3891.04,False,44.25,2.885,0.0,0.0,0.0,0.0,0.0,131.9809,5.435,B,114533,False,False,False,False,15,4,2010
2010-04-16,23,20,9811.86,False,44.25,2.885,0.0,0.0,0.0,0.0,0.0,131.9809,5.435,B,114533,False,False,False,False,15,4,2010
2010-04-16,23,21,8502.03,False,44.25,2.885,0.0,0.0,0.0,0.0,0.0,131.9809,5.435,B,114533,False,False,False,False,15,4,2010
2010-04-16,23,22,17988.11,False,44.25,2.885,0.0,0.0,0.0,0.0,0.0,131.9809,5.435,B,114533,False,False,False,False,15,4,2010
2010-04-16,23,23,43616.19,False,44.25,2.885,0.0,0.0,0.0,0.0,0.0,131.9809,5.435,B,114533,False,False,False,False,15,4,2010
2010-04-16,23,24,9726.05,False,44.25,2.885,0.0,0.0,0.0,0.0,0.0,131.9809,5.435,B,114533,False,False,False,False,15,4,2010
2010-04-16,23,25,20010.25,False,44.25,2.885,0.0,0.0,0.0,0.0,0.0,131.9809,5.435,B,114533,False,False,False,False,15,4,2010
2010-04-16,23,26,14662.48,False,44.25,2.885,0.0,0.0,0.0,0.0,0.0,131.9809,5.435,B,114533,False,False,False,False,15,4,2010
2010-04-16,23,27,2872.44,False,44.25,2.885,0.0,0.0,0.0,0.0,0.0,131.9809,5.435,B,114533,False,False,False,False,15,4,2010
2010-04-16,23,28,1126.16,False,44.25,2.885,0.0,0.0,0.0,0.0,0.0,131.9809,5.435,B,114533,False,False,False,False,15,4,2010
2010-04-16,23,29,11183.45,False,44.25,2.885,0.0,0.0,0.0,0.0,0.0,131.9809,5.435,B,114533,False,False,False,False,15,4,2010
2010-04-16,23,30,11119.13,False,44.25,2.885,0.0,0.0,0.0,0.0,0.0,131.9809,5.435,B,114533,False,False,False,False,15,4,2010
2010-04-16,23,31,4082.44,False,44.25,2.885,0.0,0.0,0.0,0.0,0.0,131.9809,5.435,B,114533,False,False,False,False,15,4,2010
2010-04-16,23,32,10410.9,False,44.25,2.885,0.0,0.0,0.0,0.0,0.0,131.9809,5.435,B,114533,False,False,False,False,15,4,2010
2010-04-16,23,33,9873.25,False,44.25,2.885,0.0,0.0,0.0,0.0,0.0,131.9809,5.435,B,114533,False,False,False,False,15,4,2010
2010-04-16,23,34,28264.5,False,44.25,2.885,0.0,0.0,0.0,0.0,0.0,131.9809,5.435,B,114533,False,False,False,False,15,4,2010
2010-04-16,23,35,5083.0,False,44.25,2.885,0.0,0.0,0.0,0.0,0.0,131.9809,5.435,B,114533,False,False,False,False,15,4,2010
2010-04-16,23,36,3577.0,False,44.25,2.885,0.0,0.0,0.0,0.0,0.0,131.9809,5.435,B,114533,False,False,False,False,15,4,2010
2010-04-16,23,38,44456.3,False,44.25,2.885,0.0,0.0,0.0,0.0,0.0,131.9809,5.435,B,114533,False,False,False,False,15,4,2010
2010-04-16,23,40,69605.72,False,44.25,2.885,0.0,0.0,0.0,0.0,0.0,131.9809,5.435,B,114533,False,False,False,False,15,4,2010
2010-04-16,23,41,2510.0,False,44.25,2.885,0.0,0.0,0.0,0.0,0.0,131.9809,5.435,B,114533,False,False,False,False,15,4,2010
2010-04-16,23,42,14183.9,False,44.25,2.885,0.0,0.0,0.0,0.0,0.0,131.9809,5.435,B,114533,False,False,False,False,15,4,2010
2010-04-16,23,44,7451.43,False,44.25,2.885,0.0,0.0,0.0,0.0,0.0,131.9809,5.435,B,114533,False,False,False,False,15,4,2010
2010-04-16,23,46,35535.85,False,44.25,2.885,0.0,0.0,0.0,0.0,0.0,131.9809,5.435,B,114533,False,False,False,False,15,4,2010
2010-04-16,23,49,24960.14,False,44.25,2.885,0.0,0.0,0.0,0.0,0.0,131.9809,5.435,B,114533,False,False,False,False,15,4,2010
2010-04-16,23,50,6691.5,False,44.25,2.885,0.0,0.0,0.0,0.0,0.0,131.9809,5.435,B,114533,False,False,False,False,15,4,2010
2010-04-16,23,51,5.0,False,44.25,2.885,0.0,0.0,0.0,0.0,0.0,131.9809,5.435,B,114533,False,False,False,False,15,4,2010
2010-04-16,23,52,4009.62,False,44.25,2.885,0.0,0.0,0.0,0.0,0.0,131.9809,5.435,B,114533,False,False,False,False,15,4,2010
2010-04-16,23,54,945.0,False,44.25,2.885,0.0,0.0,0.0,0.0,0.0,131.9809,5.435,B,114533,False,False,False,False,15,4,2010
2010-04-16,23,55,14135.3,False,44.25,2.885,0.0,0.0,0.0,0.0,0.0,131.9809,5.435,B,114533,False,False,False,False,15,4,2010
2010-04-16,23,56,12984.47,False,44.25,2.885,0.0,0.0,0.0,0.0,0.0,131.9809,5.435,B,114533,False,False,False,False,15,4,2010
2010-04-16,23,58,370.0,False,44.25,2.885,0.0,0.0,0.0,0.0,0.0,131.9809,5.435,B,114533,False,False,False,False,15,4,2010
2010-04-16,23,59,1545.16,False,44.25,2.885,0.0,0.0,0.0,0.0,0.0,131.9809,5.435,B,114533,False,False,False,False,15,4,2010
2010-04-16,23,67,11166.51,False,44.25,2.885,0.0,0.0,0.0,0.0,0.0,131.9809,5.435,B,114533,False,False,False,False,15,4,2010
2010-04-16,23,71,11906.16,False,44.25,2.885,0.0,0.0,0.0,0.0,0.0,131.9809,5.435,B,114533,False,False,False,False,15,4,2010
2010-04-16,23,72,61017.04,False,44.25,2.885,0.0,0.0,0.0,0.0,0.0,131.9809,5.435,B,114533,False,False,False,False,15,4,2010
2010-04-16,23,74,31072.89,False,44.25,2.885,0.0,0.0,0.0,0.0,0.0,131.9809,5.435,B,114533,False,False,False,False,15,4,2010
2010-04-16,23,79,29563.89,False,44.25,2.885,0.0,0.0,0.0,0.0,0.0,131.9809,5.435,B,114533,False,False,False,False,15,4,2010
2010-04-16,23,80,83.74,False,44.25,2.885,0.0,0.0,0.0,0.0,0.0,131.9809,5.435,B,114533,False,False,False,False,15,4,2010
2010-04-16,23,81,9751.68,False,44.25,2.885,0.0,0.0,0.0,0.0,0.0,131.9809,5.435,B,114533,False,False,False,False,15,4,2010
2010-04-16,23,82,16246.44,False,44.25,2.885,0.0,0.0,0.0,0.0,0.0,131.9809,5.435,B,114533,False,False,False,False,15,4,2010
2010-04-16,23,83,231.98,False,44.25,2.885,0.0,0.0,0.0,0.0,0.0,131.9809,5.435,B,114533,False,False,False,False,15,4,2010
2010-04-16,23,85,4004.68,False,44.25,2.885,0.0,0.0,0.0,0.0,0.0,131.9809,5.435,B,114533,False,False,False,False,15,4,2010
2010-04-16,23,87,22848.3,False,44.25,2.885,0.0,0.0,0.0,0.0,0.0,131.9809,5.435,B,114533,False,False,False,False,15,4,2010
2010-04-16,23,90,17142.26,False,44.25,2.885,0.0,0.0,0.0,0.0,0.0,131.9809,5.435,B,114533,False,False,False,False,15,4,2010
2010-04-16,23,91,7493.48,False,44.25,2.885,0.0,0.0,0.0,0.0,0.0,131.9809,5.435,B,114533,False,False,False,False,15,4,2010
2010-04-16,23,92,43106.67,False,44.25,2.885,0.0,0.0,0.0,0.0,0.0,131.9809,5.435,B,114533,False,False,False,False,15,4,2010
2010-04-16,23,93,1221.84,False,44.25,2.885,0.0,0.0,0.0,0.0,0.0,131.9809,5.435,B,114533,False,False,False,False,15,4,2010
2010-04-16,23,94,3.76,False,44.25,2.885,0.0,0.0,0.0,0.0,0.0,131.9809,5.435,B,114533,False,False,False,False,15,4,2010
2010-04-16,23,95,53430.75,False,44.25,2.885,0.0,0.0,0.0,0.0,0.0,131.9809,5.435,B,114533,False,False,False,False,15,4,2010
2010-04-16,23,96,7115.98,False,44.25,2.885,0.0,0.0,0.0,0.0,0.0,131.9809,5.435,B,114533,False,False,False,False,15,4,2010
2010-04-16,23,97,3963.16,False,44.25,2.885,0.0,0.0,0.0,0.0,0.0,131.9809,5.435,B,114533,False,False,False,False,15,4,2010
2010-04-16,23,98,8.75,False,44.25,2.885,0.0,0.0,0.0,0.0,0.0,131.9809,5.435,B,114533,False,False,False,False,15,4,2010
2010-04-23,23,1,22586.32,False,46.4,2.895,0.0,0.0,0.0,0.0,0.0,132.0226667,5.435,B,114533,False,False,False,False,16,4,2010
2010-04-23,23,2,70815.75,False,46.4,2.895,0.0,0.0,0.0,0.0,0.0,132.0226667,5.435,B,114533,False,False,False,False,16,4,2010
2010-04-23,23,3,15152.33,False,46.4,2.895,0.0,0.0,0.0,0.0,0.0,132.0226667,5.435,B,114533,False,False,False,False,16,4,2010
2010-04-23,23,4,26140.04,False,46.4,2.895,0.0,0.0,0.0,0.0,0.0,132.0226667,5.435,B,114533,False,False,False,False,16,4,2010
2010-04-23,23,5,44743.49,False,46.4,2.895,0.0,0.0,0.0,0.0,0.0,132.0226667,5.435,B,114533,False,False,False,False,16,4,2010
2010-04-23,23,6,9345.31,False,46.4,2.895,0.0,0.0,0.0,0.0,0.0,132.0226667,5.435,B,114533,False,False,False,False,16,4,2010
2010-04-23,23,7,44555.9,False,46.4,2.895,0.0,0.0,0.0,0.0,0.0,132.0226667,5.435,B,114533,False,False,False,False,16,4,2010
2010-04-23,23,8,36921.29,False,46.4,2.895,0.0,0.0,0.0,0.0,0.0,132.0226667,5.435,B,114533,False,False,False,False,16,4,2010
2010-04-23,23,9,53924.92,False,46.4,2.895,0.0,0.0,0.0,0.0,0.0,132.0226667,5.435,B,114533,False,False,False,False,16,4,2010
2010-04-23,23,10,31458.68,False,46.4,2.895,0.0,0.0,0.0,0.0,0.0,132.0226667,5.435,B,114533,False,False,False,False,16,4,2010
2010-04-23,23,11,26604.29,False,46.4,2.895,0.0,0.0,0.0,0.0,0.0,132.0226667,5.435,B,114533,False,False,False,False,16,4,2010
2010-04-23,23,12,7547.24,False,46.4,2.895,0.0,0.0,0.0,0.0,0.0,132.0226667,5.435,B,114533,False,False,False,False,16,4,2010
2010-04-23,23,13,44030.28,False,46.4,2.895,0.0,0.0,0.0,0.0,0.0,132.0226667,5.435,B,114533,False,False,False,False,16,4,2010
2010-04-23,23,14,25918.16,False,46.4,2.895,0.0,0.0,0.0,0.0,0.0,132.0226667,5.435,B,114533,False,False,False,False,16,4,2010
2010-04-23,23,16,42659.8,False,46.4,2.895,0.0,0.0,0.0,0.0,0.0,132.0226667,5.435,B,114533,False,False,False,False,16,4,2010
2010-04-23,23,17,25109.87,False,46.4,2.895,0.0,0.0,0.0,0.0,0.0,132.0226667,5.435,B,114533,False,False,False,False,16,4,2010
2010-04-23,23,18,56.0,False,46.4,2.895,0.0,0.0,0.0,0.0,0.0,132.0226667,5.435,B,114533,False,False,False,False,16,4,2010
2010-04-23,23,19,4423.19,False,46.4,2.895,0.0,0.0,0.0,0.0,0.0,132.0226667,5.435,B,114533,False,False,False,False,16,4,2010
2010-04-23,23,20,10324.45,False,46.4,2.895,0.0,0.0,0.0,0.0,0.0,132.0226667,5.435,B,114533,False,False,False,False,16,4,2010
2010-04-23,23,21,9174.73,False,46.4,2.895,0.0,0.0,0.0,0.0,0.0,132.0226667,5.435,B,114533,False,False,False,False,16,4,2010
2010-04-23,23,22,16850.88,False,46.4,2.895,0.0,0.0,0.0,0.0,0.0,132.0226667,5.435,B,114533,False,False,False,False,16,4,2010
2010-04-23,23,23,44307.31,False,46.4,2.895,0.0,0.0,0.0,0.0,0.0,132.0226667,5.435,B,114533,False,False,False,False,16,4,2010
2010-04-23,23,24,10943.52,False,46.4,2.895,0.0,0.0,0.0,0.0,0.0,132.0226667,5.435,B,114533,False,False,False,False,16,4,2010
2010-04-23,23,25,21098.0,False,46.4,2.895,0.0,0.0,0.0,0.0,0.0,132.0226667,5.435,B,114533,False,False,False,False,16,4,2010
2010-04-23,23,26,13363.7,False,46.4,2.895,0.0,0.0,0.0,0.0,0.0,132.0226667,5.435,B,114533,False,False,False,False,16,4,2010
2010-04-23,23,27,3054.23,False,46.4,2.895,0.0,0.0,0.0,0.0,0.0,132.0226667,5.435,B,114533,False,False,False,False,16,4,2010
2010-04-23,23,28,1232.82,False,46.4,2.895,0.0,0.0,0.0,0.0,0.0,132.0226667,5.435,B,114533,False,False,False,False,16,4,2010
2010-04-23,23,29,11987.02,False,46.4,2.895,0.0,0.0,0.0,0.0,0.0,132.0226667,5.435,B,114533,False,False,False,False,16,4,2010
2010-04-23,23,30,10419.84,False,46.4,2.895,0.0,0.0,0.0,0.0,0.0,132.0226667,5.435,B,114533,False,False,False,False,16,4,2010
2010-04-23,23,31,3856.8,False,46.4,2.895,0.0,0.0,0.0,0.0,0.0,132.0226667,5.435,B,114533,False,False,False,False,16,4,2010
2010-04-23,23,32,11640.03,False,46.4,2.895,0.0,0.0,0.0,0.0,0.0,132.0226667,5.435,B,114533,False,False,False,False,16,4,2010
2010-04-23,23,33,12851.78,False,46.4,2.895,0.0,0.0,0.0,0.0,0.0,132.0226667,5.435,B,114533,False,False,False,False,16,4,2010
2010-04-23,23,34,28999.87,False,46.4,2.895,0.0,0.0,0.0,0.0,0.0,132.0226667,5.435,B,114533,False,False,False,False,16,4,2010
2010-04-23,23,35,4964.0,False,46.4,2.895,0.0,0.0,0.0,0.0,0.0,132.0226667,5.435,B,114533,False,False,False,False,16,4,2010
2010-04-23,23,36,4014.5,False,46.4,2.895,0.0,0.0,0.0,0.0,0.0,132.0226667,5.435,B,114533,False,False,False,False,16,4,2010
2010-04-23,23,38,34509.64,False,46.4,2.895,0.0,0.0,0.0,0.0,0.0,132.0226667,5.435,B,114533,False,False,False,False,16,4,2010
2010-04-23,23,40,69296.63,False,46.4,2.895,0.0,0.0,0.0,0.0,0.0,132.0226667,5.435,B,114533,False,False,False,False,16,4,2010
2010-04-23,23,41,2294.0,False,46.4,2.895,0.0,0.0,0.0,0.0,0.0,132.0226667,5.435,B,114533,False,False,False,False,16,4,2010
2010-04-23,23,42,12969.31,False,46.4,2.895,0.0,0.0,0.0,0.0,0.0,132.0226667,5.435,B,114533,False,False,False,False,16,4,2010
2010-04-23,23,44,8379.55,False,46.4,2.895,0.0,0.0,0.0,0.0,0.0,132.0226667,5.435,B,114533,False,False,False,False,16,4,2010
2010-04-23,23,46,36197.39,False,46.4,2.895,0.0,0.0,0.0,0.0,0.0,132.0226667,5.435,B,114533,False,False,False,False,16,4,2010
2010-04-23,23,49,19633.41,False,46.4,2.895,0.0,0.0,0.0,0.0,0.0,132.0226667,5.435,B,114533,False,False,False,False,16,4,2010
2010-04-23,23,50,5858.0,False,46.4,2.895,0.0,0.0,0.0,0.0,0.0,132.0226667,5.435,B,114533,False,False,False,False,16,4,2010
2010-04-23,23,51,21.36,False,46.4,2.895,0.0,0.0,0.0,0.0,0.0,132.0226667,5.435,B,114533,False,False,False,False,16,4,2010
