Date,Store,Dept,Weekly_Sales,IsHoliday,Temperature,Fuel_Price,MarkDown1,MarkDown2,MarkDown3,MarkDown4,MarkDown5,CPI,Unemployment,Type,Size,Super_Bowl,Labor_Day,Thanksgiving,Christmas,week,month,year
2010-02-05,12,1,17426.75,False,49.47,2.962,0.0,0.0,0.0,0.0,0.0,126.4420645,13.975,B,112238,False,False,False,False,5,2,2010
2010-02-05,12,2,74025.68,False,49.47,2.962,0.0,0.0,0.0,0.0,0.0,126.4420645,13.975,B,112238,False,False,False,False,5,2,2010
2010-02-05,12,3,16960.68,False,49.47,2.962,0.0,0.0,0.0,0.0,0.0,126.4420645,13.975,B,112238,False,False,False,False,5,2,2010
2010-02-05,12,4,27630.54,False,49.47,2.962,0.0,0.0,0.0,0.0,0.0,126.4420645,13.975,B,112238,False,False,False,False,5,2,2010
2010-02-05,12,5,40553.44,False,49.47,2.962,0.0,0.0,0.0,0.0,0.0,126.4420645,13.975,B,112238,False,False,False,False,5,2,2010
2010-02-05,12,6,5926.11,False,49.47,2.962,0.0,0.0,0.0,0.0,0.0,126.4420645,13.975,B,112238,False,False,False,False,5,2,2010
2010-02-05,12,7,24316.52,False,49.47,2.962,0.0,0.0,0.0,0.0,0.0,126.4420645,13.975,B,112238,False,False,False,False,5,2,2010
2010-02-05,12,8,45875.87,False,49.47,2.962,0.0,0.0,0.0,0.0,0.0,126.4420645,13.975,B,112238,False,False,False,False,5,2,2010
2010-02-05,12,9,16166.93,False,49.47,2.962,0.0,0.0,0.0,0.0,0.0,126.4420645,13.975,B,112238,False,False,False,False,5,2,2010
2010-02-12,12,1,37734.82,True,47.87,2.946,0.0,0.0,0.0,0.0,0.0,126.4962581,13.975,B,112238,True,False,False,False,6,2,2010
2010-02-12,12,2,74171.01,True,47.87,2.946,0.0,0.0,0.0,0.0,0.0,126.4962581,13.975,B,112238,True,False,False,False,6,2,2010
2010-02-12,12,3,16055.53,True,47.87,2.946,0.0,0.0,0.0,0.0,0.0,126.4962581,13.975,B,112238,True,False,False,False,6,2,2010
2010-02-12,12,4,25596.35,True,47.87,2.946,0.0,0.0,0.0,0.0,0.0,126.4962581,13.975,B,112238,True,False,False,False,6,2,2010
2010-02-12,12,5,38439.06,True,47.87,2.946,0.0,0.0,0.0,0.0,0.0,126.4962581,13.975,B,112238,True,False,False,False,6,2,2010
2010-02-12,12,6,8464.36,True,47.87,2.946,0.0,0.0,0.0,0.0,0.0,126.4962581,13.975,B,112238,True,False,False,False,6,2,2010
2010-02-12,12,7,27433.02,True,47.87,2.946,0.0,0.0,0.0,0.0,0.0,126.4962581,13.975,B,112238,True,False,False,False,6,2,2010
2010-02-12,12,8,44101.66,True,47.87,2.946,0.0,0.0,0.0,0.0,0.0,126.4962581,13.975,B,112238,True,False,False,False,6,2,2010
2010-02-12,12,9,16418.42,True,47.87,2.946,0.0,0.0,0.0,0.0,0.0,126.4962581,13.975,B,112238,True,False,False,False,6,2,2010
2010-02-19,12,1,22135.29,False,54.83,2.915,0.0,0.0,0.0,0.0,0.0,126.5262857,13.975,B,112238,False,False,False,False,7,2,2010
2010-02-19,12,2,73047.68,False,54.83,2.915,0.0,0.0,0.0,0.0,0.0,126.5262857,13.975,B,112238,False,False,False,False,7,2,2010
2010-02-19,12,3,13397.8,False,54.83,2.915,0.0,0.0,0.0,0.0,0.0,126.5262857,13.975,B,112238,False,False,False,False,7,2,2010
2010-02-19,12,4,25676.71,False,54.83,2.915,0.0,0.0,0.0,0.0,0.0,126.5262857,13.975,B,112238,False,False,False,False,7,2,2010
2010-02-19,12,5,33352.32,False,54.83,2.915,0.0,0.0,0.0,0.0,0.0,126.5262857,13.975,B,112238,False,False,False,False,7,2,2010
2010-02-19,12,6,7843.8,False,54.83,2.915,0.0,0.0,0.0,0.0,0.0,126.5262857,13.975,B,112238,False,False,False,False,7,2,2010
2010-02-19,12,7,29670.78,False,54.83,2.915,0.0,0.0,0.0,0.0,0.0,126.5262857,13.975,B,112238,False,False,False,False,7,2,2010
2010-02-19,12,8,43092.57,False,54.83,2.915,0.0,0.0,0.0,0.0,0.0,126.5262857,13.975,B,112238,False,False,False,False,7,2,2010
2010-02-19,12,9,22725.01,False,54.83,2.915,0.0,0.0,0.0,0.0,0.0,126.5262857,13.975,B,112238,False,False,False,False,7,2,2010
2010-02-26,12,1,14942.21,False,50.23,2.825,0.0,0.0,0.0,0.0,0.0,126.5522857,13.975,B,112238,False,False,False,False,8,2,2010
2010-02-26,12,2,76903.16,False,50.23,2.825,0.0,0.0,0.0,0.0,0.0,126.5522857,13.975,B,112238,False,False,False,False,8,2,2010
2010-02-26,12,3,16836.91,False,50.23,2.825,0.0,0.0,0.0,0.0,0.0,126.5522857,13.975,B,112238,False,False,False,False,8,2,2010
2010-02-26,12,4,26155.56,False,50.23,2.825,0.0,0.0,0.0,0.0,0.0,126.5522857,13.975,B,112238,False,False,False,False,8,2,2010
2010-02-26,12,5,28498.57,False,50.23,2.825,0.0,0.0,0.0,0.0,0.0,126.5522857,13.975,B,112238,False,False,False,False,8,2,2010
2010-02-26,12,6,9616.7,False,50.23,2.825,0.0,0.0,0.0,0.0,0.0,126.5522857,13.975,B,112238,False,False,False,False,8,2,2010
2010-02-26,12,7,26121.45,False,50.23,2.825,0.0,0.0,0.0,0.0,0.0,126.5522857,13.975,B,112238,False,False,False,False,8,2,2010
2010-02-26,12,8,43064.61,False,50.23,2.825,0.0,0.0,0.0,0.0,0.0,126.5522857,13.975,B,112238,False,False,False,False,8,2,2010
2010-02-26,12,9,18497.51,False,50.23,2.825,0.0,0.0,0.0,0.0,0.0,126.5522857,13.975,B,112238,False,False,False,False,8,2,2010
2010-03-05,12,1,17098.49,False,53.77,2.987,0.0,0.0,0.0,0.0,0.0,126.5782857,13.975,B,112238,False,False,False,False,9,3,2010
2010-03-05,12,2,78276.17,False,53.77,2.987,0.0,0.0,0.0,0.0,0.0,126.5782857,13.975,B,112238,False,False,False,False,9,3,2010
2010-03-05,12,3,16045.09,False,53.77,2.987,0.0,0.0,0.0,0.0,0.0,126.5782857,13.975,B,112238,False,False,False,False,9,3,2010
2010-03-05,12,4,26065.38,False,53.77,2.987,0.0,0.0,0.0,0.0,0.0,126.5782857,13.975,B,112238,False,False,False,False,9,3,2010
2010-03-05,12,5,33646.96,False,53.77,2.987,0.0,0.0,0.0,0.0,0.0,126.5782857,13.975,B,112238,False,False,False,False,9,3,2010
2010-03-05,12,6,7724.82,False,53.77,2.987,0.0,0.0,0.0,0.0,0.0,126.5782857,13.975,B,112238,False,False,False,False,9,3,2010
2010-03-05,12,7,27005.0,False,53.77,2.987,0.0,0.0,0.0,0.0,0.0,126.5782857,13.975,B,112238,False,False,False,False,9,3,2010
2010-03-05,12,8,44649.9,False,53.77,2.987,0.0,0.0,0.0,0.0,0.0,126.5782857,13.975,B,112238,False,False,False,False,9,3,2010
2010-03-05,12,9,25386.94,False,53.77,2.987,0.0,0.0,0.0,0.0,0.0,126.5782857,13.975,B,112238,False,False,False,False,9,3,2010
2010-03-12,12,1,15535.51,False,50.11,2.925,0.0,0.0,0.0,0.0,0.0,126.6042857,13.975,B,112238,False,False,False,False,10,3,2010
2010-03-12,12,2,70273.62,False,50.11,2.925,0.0,0.0,0.0,0.0,0.0,126.6042857,13.975,B,112238,False,False,False,False,10,3,2010
2010-03-12,12,3,14656.62,False,50.11,2.925,0.0,0.0,0.0,0.0,0.0,126.6042857,13.975,B,112238,False,False,False,False,10,3,2010
2010-03-12,12,4,24906.92,False,50.11,2.925,0.0,0.0,0.0,0.0,0.0,126.6042857,13.975,B,112238,False,False,False,False,10,3,2010
2010-03-12,12,5,33203.36,False,50.11,2.925,0.0,0.0,0.0,0.0,0.0,126.6042857,13.975,B,112238,False,False,False,False,10,3,2010
2010-03-12,12,6,6703.69,False,50.11,2.925,0.0,0.0,0.0,0.0,0.0,126.6042857,13.975,B,112238,False,False,False,False,10,3,2010
2010-03-12,12,7,26133.41,False,50.11,2.925,0.0,0.0,0.0,0.0,0.0,126.6042857,13.975,B,112238,False,False,False,False,10,3,2010
2010-03-12,12,8,42655.79,False,50.11,2.925,0.0,0.0,0.0,0.0,0.0,126.6042857,13.975,B,112238,False,False,False,False,10,3,2010
2010-03-12,12,9,22962.42,False,50.11,2.925,0.0,0.0,0.0,0.0,0.0,126.6042857,13.975,B,112238,False,False,False,False,10,3,2010
2010-03-19,12,1,15038.34,False,59.57,3.054,0.0,0.0,0.0,0.0,0.0,126.6066452,13.975,B,112238,False,False,False,False,11,3,2010
2010-03-19,12,2,67361.51,False,59.57,3.054,0.0,0.0,0.0,0.0,0.0,126.6066452,13.975,B,112238,False,False,False,False,11,3,2010
2010-03-19,12,3,13285.11,False,59.57,3.054,0.0,0.0,0.0,0.0,0.0,126.6066452,13.975,B,112238,False,False,False,False,11,3,2010
2010-03-19,12,4,24722.78,False,59.57,3.054,0.0,0.0,0.0,0.0,0.0,126.6066452,13.975,B,112238,False,False,False,False,11,3,2010
2010-03-19,12,5,32769.32,False,59.57,3.054,0.0,0.0,0.0,0.0,0.0,126.6066452,13.975,B,112238,False,False,False,False,11,3,2010
2010-03-19,12,6,6745.31,False,59.57,3.054,0.0,0.0,0.0,0.0,0.0,126.6066452,13.975,B,112238,False,False,False,False,11,3,2010
2010-03-19,12,7,26092.7,False,59.57,3.054,0.0,0.0,0.0,0.0,0.0,126.6066452,13.975,B,112238,False,False,False,False,11,3,2010
2010-03-19,12,8,41202.6,False,59.57,3.054,0.0,0.0,0.0,0.0,0.0,126.6066452,13.975,B,112238,False,False,False,False,11,3,2010
2010-03-19,12,9,22566.18,False,59.57,3.054,0.0,0.0,0.0,0.0,0.0,126.6066452,13.975,B,112238,False,False,False,False,11,3,2010
2010-03-26,12,1,17477.41,False,60.06,3.083,0.0,0.0,0.0,0.0,0.0,126.6050645,13.975,B,112238,False,False,False,False,12,3,2010
2010-03-26,12,2,69988.59,False,60.06,3.083,0.0,0.0,0.0,0.0,0.0,126.6050645,13.975,B,112238,False,False,False,False,12,3,2010
2010-03-26,12,3,12133.8,False,60.06,3.083,0.0,0.0,0.0,0.0,0.0,126.6050645,13.975,B,112238,False,False,False,False,12,3,2010
2010-03-26,12,4,24992.76,False,60.06,3.083,0.0,0.0,0.0,0.0,0.0,126.6050645,13.975,B,112238,False,False,False,False,12,3,2010
2010-03-26,12,5,49417.5,False,60.06,3.083,0.0,0.0,0.0,0.0,0.0,126.6050645,13.975,B,112238,False,False,False,False,12,3,2010
2010-03-26,12,6,7025.08,False,60.06,3.083,0.0,0.0,0.0,0.0,0.0,126.6050645,13.975,B,112238,False,False,False,False,12,3,2010
2010-03-26,12,7,27086.38,False,60.06,3.083,0.0,0.0,0.0,0.0,0.0,126.6050645,13.975,B,112238,False,False,False,False,12,3,2010
2010-03-26,12,8,41296.94,False,60.06,3.083,0.0,0.0,0.0,0.0,0.0,126.6050645,13.975,B,112238,False,False,False,False,12,3,2010
2010-03-26,12,9,26496.32,False,60.06,3.083,0.0,0.0,0.0,0.0,0.0,126.6050645,13.975,B,112238,False,False,False,False,12,3,2010
2010-04-02,12,1,43175.19,False,59.84,3.086,0.0,0.0,0.0,0.0,0.0,126.6034839,14.099,B,112238,False,False,False,False,13,4,2010
2010-04-02,12,2,69967.79,False,59.84,3.086,0.0,0.0,0.0,0.0,0.0,126.6034839,14.099,B,112238,False,False,False,False,13,4,2010
2010-04-02,12,3,10802.73,False,59.84,3.086,0.0,0.0,0.0,0.0,0.0,126.6034839,14.099,B,112238,False,False,False,False,13,4,2010
2010-04-02,12,4,26438.71,False,59.84,3.086,0.0,0.0,0.0,0.0,0.0,126.6034839,14.099,B,112238,False,False,False,False,13,4,2010
2010-04-02,12,5,36708.31,False,59.84,3.086,0.0,0.0,0.0,0.0,0.0,126.6034839,14.099,B,112238,False,False,False,False,13,4,2010
2010-04-02,12,6,7223.39,False,59.84,3.086,0.0,0.0,0.0,0.0,0.0,126.6034839,14.099,B,112238,False,False,False,False,13,4,2010
2010-04-02,12,7,32492.63,False,59.84,3.086,0.0,0.0,0.0,0.0,0.0,126.6034839,14.099,B,112238,False,False,False,False,13,4,2010
2010-04-02,12,8,44480.2,False,59.84,3.086,0.0,0.0,0.0,0.0,0.0,126.6034839,14.099,B,112238,False,False,False,False,13,4,2010
2010-04-02,12,9,23189.99,False,59.84,3.086,0.0,0.0,0.0,0.0,0.0,126.6034839,14.099,B,112238,False,False,False,False,13,4,2010
2010-04-09,12,1,42083.31,False,59.25,3.09,0.0,0.0,0.0,0.0,0.0,126.6019032,14.099,B,112238,False,False,False,False,14,4,2010
2010-04-09,12,2,71840.47,False,59.25,3.09,0.0,0.0,0.0,0.0,0.0,126.6019032,14.099,B,112238,False,False,False,False,14,4,2010
2010-04-09,12,3,12775.15,False,59.25,3.09,0.0,0.0,0.0,0.0,0.0,126.6019032,14.099,B,112238,False,False,False,False,14,4,2010
2010-04-09,12,4,26391.1,False,59.25,3.09,0.0,0.0,0.0,0.0,0.0,126.6019032,14.099,B,112238,False,False,False,False,14,4,2010
2010-04-09,12,5,29071.64,False,59.25,3.09,0.0,0.0,0.0,0.0,0.0,126.6019032,14.099,B,112238,False,False,False,False,14,4,2010
2010-04-09,12,6,7913.53,False,59.25,3.09,0.0,0.0,0.0,0.0,0.0,126.6019032,14.099,B,112238,False,False,False,False,14,4,2010
2010-04-09,12,7,36537.61,False,59.25,3.09,0.0,0.0,0.0,0.0,0.0,126.6019032,14.099,B,112238,False,False,False,False,14,4,2010
2010-04-09,12,8,42758.39,False,59.25,3.09,0.0,0.0,0.0,0.0,0.0,126.6019032,14.099,B,112238,False,False,False,False,14,4,2010
2010-04-09,12,9,24431.06,False,59.25,3.09,0.0,0.0,0.0,0.0,0.0,126.6019032,14.099,B,112238,False,False,False,False,14,4,2010
2010-04-16,12,1,12024.35,False,64.95,3.109,0.0,0.0,0.0,0.0,0.0,126.5621,14.099,B,112238,False,False,False,False,15,4,2010
2010-04-16,12,2,72290.68,False,64.95,3.109,0.0,0.0,0.0,0.0,0.0,126.5621,14.099,B,112238,False,False,False,False,15,4,2010
2010-04-16,12,3,13882.55,False,64.95,3.109,0.0,0.0,0.0,0.0,0.0,126.5621,14.099,B,112238,False,False,False,False,15,4,2010
2010-04-16,12,4,25615.68,False,64.95,3.109,0.0,0.0,0.0,0.0,0.0,126.5621,14.099,B,112238,False,False,False,False,15,4,2010
2010-04-16,12,5,18666.21,False,64.95,3.109,0.0,0.0,0.0,0.0,0.0,126.5621,14.099,B,112238,False,False,False,False,15,4,2010
2010-04-16,12,6,7164.5,False,64.95,3.109,0.0,0.0,0.0,0.0,0.0,126.5621,14.099,B,112238,False,False,False,False,15,4,2010
2010-04-16,12,7,27186.6,False,64.95,3.109,0.0,0.0,0.0,0.0,0.0,126.5621,14.099,B,112238,False,False,False,False,15,4,2010
2010-04-16,12,8,43088.63,False,64.95,3.109,0.0,0.0,0.0,0.0,0.0,126.5621,14.099,B,112238,False,False,False,False,15,4,2010
2010-04-16,12,9,23163.06,False,64.95,3.109,0.0,0.0,0.0,0.0,0.0,126.5621,14.099,B,112238,False,False,False,False,15,4,2010
2010-04-23,12,1,12979.34,False,64.55,3.05,0.0,0.0,0.0,0.0,0.0,126.4713333,14.099,B,112238,False,False,False,False,16,4,2010
2010-04-23,12,2,72988.22,False,64.55,3.05,0.0,0.0,0.0,0.0,0.0,126.4713333,14.099,B,112238,False,False,False,False,16,4,2010
2010-04-23,12,3,12512.84,False,64.55,3.05,0.0,0.0,0.0,0.0,0.0,126.4713333,14.099,B,112238,False,False,False,False,16,4,2010
2010-04-23,12,4,25461.79,False,64.55,3.05,0.0,0.0,0.0,0.0,0.0,126.4713333,14.099,B,112238,False,False,False,False,16,4,2010
2010-04-23,12,5,35448.14,False,64.55,3.05,0.0,0.0,0.0,0.0,0.0,126.4713333,14.099,B,112238,False,False,False,False,16,4,2010
2010-04-23,12,6,9424.97,False,64.55,3.05,0.0,0.0,0.0,0.0,0.0,126.4713333,14.099,B,112238,False,False,False,False,16,4,2010
2010-04-23,12,7,28285.28,False,64.55,3.05,0.0,0.0,0.0,0.0,0.0,126.4713333,14.099,B,112238,False,False,False,False,16,4,2010
2010-04-23,12,8,41113.71,False,64.55,3.05,0.0,0.0,0.0,0.0,0.0,126.4713333,14.099,B,112238,False,False,False,False,16,4,2010
2010-04-23,12,9,24075.62,False,64.55,3.05,0.0,0.0,0.0,0.0,0.0,126.4713333,14.099,B,112238,False,False,False,False,16,4,2010
2010-04-30,12,1,12385.97,False,67.38,3.105,0.0,0.0,0.0,0.0,0.0,126.3805667,14.099,B,112238,False,False,False,False,17,4,2010
2010-04-30,12,2,69839.47,False,67.38,3.105,0.0,0.0,0.0,0.0,0.0,126.3805667,14.099,B,112238,False,False,False,False,17,4,2010
2010-04-30,12,3,12075.02,False,67.38,3.105,0.0,0.0,0.0,0.0,0.0,126.3805667,14.099,B,112238,False,False,False,False,17,4,2010
2010-04-30,12,4,25234.07,False,67.38,3.105,0.0,0.0,0.0,0.0,0.0,126.3805667,14.099,B,112238,False,False,False,False,17,4,2010
2010-04-30,12,5,30217.29,False,67.38,3.105,0.0,0.0,0.0,0.0,0.0,126.3805667,14.099,B,112238,False,False,False,False,17,4,2010
2010-04-30,12,6,5912.51,False,67.38,3.105,0.0,0.0,0.0,0.0,0.0,126.3805667,14.099,B,112238,False,False,False,False,17,4,2010
2010-04-30,12,7,28574.61,False,67.38,3.105,0.0,0.0,0.0,0.0,0.0,126.3805667,14.099,B,112238,False,False,False,False,17,4,2010
2010-04-30,12,8,41663.35,False,67.38,3.105,0.0,0.0,0.0,0.0,0.0,126.3805667,14.099,B,112238,False,False,False,False,17,4,2010
2010-04-30,12,9,22437.51,False,67.38,3.105,0.0,0.0,0.0,0.0,0.0,126.3805667,14.099,B,112238,False,False,False,False,17,4,2010
2010-05-07,12,1,14070.85,False,70.15,3.127,0.0,0.0,0.0,0.0,0.0,126.2898,14.099,B,112238,False,False,False,False,18,5,2010
2010-05-07,12,2,72631.66,False,70.15,3.127,0.0,0.0,0.0,0.0,0.0,126.2898,14.099,B,112238,False,False,False,False,18,5,2010
2010-05-07,12,3,12610.78,False,70.15,3.127,0.0,0.0,0.0,0.0,0.0,126.2898,14.099,B,112238,False,False,False,False,18,5,2010
2010-05-07,12,4,27925.17,False,70.15,3.127,0.0,0.0,0.0,0.0,0.0,126.2898,14.099,B,112238,False,False,False,False,18,5,2010
2010-05-07,12,5,33283.4,False,70.15,3.127,0.0,0.0,0.0,0.0,0.0,126.2898,14.099,B,112238,False,False,False,False,18,5,2010
2010-05-07,12,6,6759.8,False,70.15,3.127,0.0,0.0,0.0,0.0,0.0,126.2898,14.099,B,112238,False,False,False,False,18,5,2010
2010-05-07,12,7,28373.61,False,70.15,3.127,0.0,0.0,0.0,0.0,0.0,126.2898,14.099,B,112238,False,False,False,False,18,5,2010
2010-05-07,12,8,44129.09,False,70.15,3.127,0.0,0.0,0.0,0.0,0.0,126.2898,14.099,B,112238,False,False,False,False,18,5,2010
2010-05-07,12,9,23809.57,False,70.15,3.127,0.0,0.0,0.0,0.0,0.0,126.2898,14.099,B,112238,False,False,False,False,18,5,2010
2010-05-14,12,1,13013.51,False,68.44,3.145,0.0,0.0,0.0,0.0,0.0,126.2085484,14.099,B,112238,False,False,False,False,19,5,2010
2010-05-14,12,2,69829.93,False,68.44,3.145,0.0,0.0,0.0,0.0,0.0,126.2085484,14.099,B,112238,False,False,False,False,19,5,2010
2010-05-14,12,3,12241.32,False,68.44,3.145,0.0,0.0,0.0,0.0,0.0,126.2085484,14.099,B,112238,False,False,False,False,19,5,2010
2010-05-14,12,4,24857.66,False,68.44,3.145,0.0,0.0,0.0,0.0,0.0,126.2085484,14.099,B,112238,False,False,False,False,19,5,2010
2010-05-14,12,5,21829.16,False,68.44,3.145,0.0,0.0,0.0,0.0,0.0,126.2085484,14.099,B,112238,False,False,False,False,19,5,2010
2010-05-14,12,6,10977.23,False,68.44,3.145,0.0,0.0,0.0,0.0,0.0,126.2085484,14.099,B,112238,False,False,False,False,19,5,2010
2010-05-14,12,7,25485.77,False,68.44,3.145,0.0,0.0,0.0,0.0,0.0,126.2085484,14.099,B,112238,False,False,False,False,19,5,2010
2010-05-14,12,8,41623.73,False,68.44,3.145,0.0,0.0,0.0,0.0,0.0,126.2085484,14.099,B,112238,False,False,False,False,19,5,2010
2010-05-14,12,9,19234.04,False,68.44,3.145,0.0,0.0,0.0,0.0,0.0,126.2085484,14.099,B,112238,False,False,False,False,19,5,2010
2010-05-21,12,1,12145.14,False,76.2,3.12,0.0,0.0,0.0,0.0,0.0,126.1843871,14.099,B,112238,False,False,False,False,20,5,2010
2010-05-21,12,2,70594.44,False,76.2,3.12,0.0,0.0,0.0,0.0,0.0,126.1843871,14.099,B,112238,False,False,False,False,20,5,2010
2010-05-21,12,3,10327.94,False,76.2,3.12,0.0,0.0,0.0,0.0,0.0,126.1843871,14.099,B,112238,False,False,False,False,20,5,2010
2010-05-21,12,4,23688.52,False,76.2,3.12,0.0,0.0,0.0,0.0,0.0,126.1843871,14.099,B,112238,False,False,False,False,20,5,2010
2010-05-21,12,5,21748.82,False,76.2,3.12,0.0,0.0,0.0,0.0,0.0,126.1843871,14.099,B,112238,False,False,False,False,20,5,2010
2010-05-21,12,6,8527.06,False,76.2,3.12,0.0,0.0,0.0,0.0,0.0,126.1843871,14.099,B,112238,False,False,False,False,20,5,2010
2010-05-21,12,7,29753.65,False,76.2,3.12,0.0,0.0,0.0,0.0,0.0,126.1843871,14.099,B,112238,False,False,False,False,20,5,2010
2010-05-21,12,8,40804.15,False,76.2,3.12,0.0,0.0,0.0,0.0,0.0,126.1843871,14.099,B,112238,False,False,False,False,20,5,2010
2010-05-21,12,9,22795.51,False,76.2,3.12,0.0,0.0,0.0,0.0,0.0,126.1843871,14.099,B,112238,False,False,False,False,20,5,2010
2010-05-28,12,1,12068.84,False,67.84,3.058,0.0,0.0,0.0,0.0,0.0,126.1602258,14.099,B,112238,False,False,False,False,21,5,2010
2010-05-28,12,2,71786.77,False,67.84,3.058,0.0,0.0,0.0,0.0,0.0,126.1602258,14.099,B,112238,False,False,False,False,21,5,2010
2010-05-28,12,3,10026.97,False,67.84,3.058,0.0,0.0,0.0,0.0,0.0,126.1602258,14.099,B,112238,False,False,False,False,21,5,2010
2010-05-28,12,4,25929.27,False,67.84,3.058,0.0,0.0,0.0,0.0,0.0,126.1602258,14.099,B,112238,False,False,False,False,21,5,2010
2010-05-28,12,5,19905.4,False,67.84,3.058,0.0,0.0,0.0,0.0,0.0,126.1602258,14.099,B,112238,False,False,False,False,21,5,2010
2010-05-28,12,6,9117.41,False,67.84,3.058,0.0,0.0,0.0,0.0,0.0,126.1602258,14.099,B,112238,False,False,False,False,21,5,2010
2010-05-28,12,7,29161.19,False,67.84,3.058,0.0,0.0,0.0,0.0,0.0,126.1602258,14.099,B,112238,False,False,False,False,21,5,2010
2010-05-28,12,8,42691.63,False,67.84,3.058,0.0,0.0,0.0,0.0,0.0,126.1602258,14.099,B,112238,False,False,False,False,21,5,2010
2010-05-28,12,9,25443.39,False,67.84,3.058,0.0,0.0,0.0,0.0,0.0,126.1602258,14.099,B,112238,False,False,False,False,21,5,2010
2010-06-04,12,1,12955.66,False,81.39,2.941,0.0,0.0,0.0,0.0,0.0,126.1360645,14.099,B,112238,False,False,False,False,22,6,2010
2010-06-04,12,2,74107.33,False,81.39,2.941,0.0,0.0,0.0,0.0,0.0,126.1360645,14.099,B,112238,False,False,False,False,22,6,2010
2010-06-04,12,3,9999.48,False,81.39,2.941,0.0,0.0,0.0,0.0,0.0,126.1360645,14.099,B,112238,False,False,False,False,22,6,2010
2010-06-04,12,4,27682.22,False,81.39,2.941,0.0,0.0,0.0,0.0,0.0,126.1360645,14.099,B,112238,False,False,False,False,22,6,2010
2010-06-04,12,5,32264.99,False,81.39,2.941,0.0,0.0,0.0,0.0,0.0,126.1360645,14.099,B,112238,False,False,False,False,22,6,2010
2010-06-04,12,6,7510.11,False,81.39,2.941,0.0,0.0,0.0,0.0,0.0,126.1360645,14.099,B,112238,False,False,False,False,22,6,2010
2010-06-04,12,7,38591.07,False,81.39,2.941,0.0,0.0,0.0,0.0,0.0,126.1360645,14.099,B,112238,False,False,False,False,22,6,2010
2010-06-04,12,8,43787.05,False,81.39,2.941,0.0,0.0,0.0,0.0,0.0,126.1360645,14.099,B,112238,False,False,False,False,22,6,2010
2010-06-04,12,9,29671.1,False,81.39,2.941,0.0,0.0,0.0,0.0,0.0,126.1360645,14.099,B,112238,False,False,False,False,22,6,2010
2010-06-11,12,1,12019.85,False,90.84,2.949,0.0,0.0,0.0,0.0,0.0,126.1119032,14.099,B,112238,False,False,False,False,23,6,2010
2010-06-11,12,2,73528.94,False,90.84,2.949,0.0,0.0,0.0,0.0,0.0,126.1119032,14.099,B,112238,False,False,False,False,23,6,2010
2010-06-11,12,3,9798.28,False,90.84,2.949,0.0,0.0,0.0,0.0,0.0,126.1119032,14.099,B,112238,False,False,False,False,23,6,2010
2010-06-11,12,4,26571.34,False,90.84,2.949,0.0,0.0,0.0,0.0,0.0,126.1119032,14.099,B,112238,False,False,False,False,23,6,2010
2010-06-11,12,5,24043.94,False,90.84,2.949,0.0,0.0,0.0,0.0,0.0,126.1119032,14.099,B,112238,False,False,False,False,23,6,2010
2010-06-11,12,6,10403.29,False,90.84,2.949,0.0,0.0,0.0,0.0,0.0,126.1119032,14.099,B,112238,False,False,False,False,23,6,2010
2010-06-11,12,7,38312.14,False,90.84,2.949,0.0,0.0,0.0,0.0,0.0,126.1119032,14.099,B,112238,False,False,False,False,23,6,2010
2010-06-11,12,8,41081.44,False,90.84,2.949,0.0,0.0,0.0,0.0,0.0,126.1119032,14.099,B,112238,False,False,False,False,23,6,2010
2010-06-11,12,9,27161.14,False,90.84,2.949,0.0,0.0,0.0,0.0,0.0,126.1119032,14.099,B,112238,False,False,False,False,23,6,2010
2010-06-18,12,1,11546.92,False,81.06,3.043,0.0,0.0,0.0,0.0,0.0,126.114,14.099,B,112238,False,False,False,False,24,6,2010
2010-06-18,12,2,70114.78,False,81.06,3.043,0.0,0.0,0.0,0.0,0.0,126.114,14.099,B,112238,False,False,False,False,24,6,2010
2010-06-18,12,3,9892.9,False,81.06,3.043,0.0,0.0,0.0,0.0,0.0,126.114,14.099,B,112238,False,False,False,False,24,6,2010
2010-06-18,12,4,23842.32,False,81.06,3.043,0.0,0.0,0.0,0.0,0.0,126.114,14.099,B,112238,False,False,False,False,24,6,2010
2010-06-18,12,5,25694.06,False,81.06,3.043,0.0,0.0,0.0,0.0,0.0,126.114,14.099,B,112238,False,False,False,False,24,6,2010
2010-06-18,12,6,6614.38,False,81.06,3.043,0.0,0.0,0.0,0.0,0.0,126.114,14.099,B,112238,False,False,False,False,24,6,2010
2010-06-18,12,7,31625.3,False,81.06,3.043,0.0,0.0,0.0,0.0,0.0,126.114,14.099,B,112238,False,False,False,False,24,6,2010
2010-06-18,12,8,40345.87,False,81.06,3.043,0.0,0.0,0.0,0.0,0.0,126.114,14.099,B,112238,False,False,False,False,24,6,2010
2010-06-18,12,9,22672.91,False,81.06,3.043,0.0,0.0,0.0,0.0,0.0,126.114,14.099,B,112238,False,False,False,False,24,6,2010
2010-06-25,12,1,11759.12,False,87.27,3.084,0.0,0.0,0.0,0.0,0.0,126.1266,14.099,B,112238,False,False,False,False,25,6,2010
2010-06-25,12,2,72538.79,False,87.27,3.084,0.0,0.0,0.0,0.0,0.0,126.1266,14.099,B,112238,False,False,False,False,25,6,2010
2010-06-25,12,3,8765.94,False,87.27,3.084,0.0,0.0,0.0,0.0,0.0,126.1266,14.099,B,112238,False,False,False,False,25,6,2010
2010-06-25,12,4,23956.32,False,87.27,3.084,0.0,0.0,0.0,0.0,0.0,126.1266,14.099,B,112238,False,False,False,False,25,6,2010
2010-06-25,12,5,23080.01,False,87.27,3.084,0.0,0.0,0.0,0.0,0.0,126.1266,14.099,B,112238,False,False,False,False,25,6,2010
2010-06-25,12,6,7879.95,False,87.27,3.084,0.0,0.0,0.0,0.0,0.0,126.1266,14.099,B,112238,False,False,False,False,25,6,2010
2010-06-25,12,7,34358.93,False,87.27,3.084,0.0,0.0,0.0,0.0,0.0,126.1266,14.099,B,112238,False,False,False,False,25,6,2010
2010-06-25,12,8,38273.38,False,87.27,3.084,0.0,0.0,0.0,0.0,0.0,126.1266,14.099,B,112238,False,False,False,False,25,6,2010
2010-06-25,12,9,26144.09,False,87.27,3.084,0.0,0.0,0.0,0.0,0.0,126.1266,14.099,B,112238,False,False,False,False,25,6,2010
2010-07-02,12,1,11280.33,False,91.98,3.105,0.0,0.0,0.0,0.0,0.0,126.1392,14.18,B,112238,False,False,False,False,26,7,2010
2010-07-02,12,2,73014.37,False,91.98,3.105,0.0,0.0,0.0,0.0,0.0,126.1392,14.18,B,112238,False,False,False,False,26,7,2010
2010-07-02,12,3,9735.18,False,91.98,3.105,0.0,0.0,0.0,0.0,0.0,126.1392,14.18,B,112238,False,False,False,False,26,7,2010
2010-07-02,12,4,27053.5,False,91.98,3.105,0.0,0.0,0.0,0.0,0.0,126.1392,14.18,B,112238,False,False,False,False,26,7,2010
2010-07-02,12,5,24558.57,False,91.98,3.105,0.0,0.0,0.0,0.0,0.0,126.1392,14.18,B,112238,False,False,False,False,26,7,2010
2010-07-02,12,6,6952.24,False,91.98,3.105,0.0,0.0,0.0,0.0,0.0,126.1392,14.18,B,112238,False,False,False,False,26,7,2010
2010-07-02,12,7,33438.81,False,91.98,3.105,0.0,0.0,0.0,0.0,0.0,126.1392,14.18,B,112238,False,False,False,False,26,7,2010
2010-07-02,12,8,40673.37,False,91.98,3.105,0.0,0.0,0.0,0.0,0.0,126.1392,14.18,B,112238,False,False,False,False,26,7,2010
2010-07-02,12,9,24771.34,False,91.98,3.105,0.0,0.0,0.0,0.0,0.0,126.1392,14.18,B,112238,False,False,False,False,26,7,2010
2010-07-09,12,1,12115.46,False,90.37,3.1,0.0,0.0,0.0,0.0,0.0,126.1518,14.18,B,112238,False,False,False,False,27,7,2010
2010-07-09,12,2,71719.96,False,90.37,3.1,0.0,0.0,0.0,0.0,0.0,126.1518,14.18,B,112238,False,False,False,False,27,7,2010
2010-07-09,12,3,10627.84,False,90.37,3.1,0.0,0.0,0.0,0.0,0.0,126.1518,14.18,B,112238,False,False,False,False,27,7,2010
2010-07-09,12,4,27281.9,False,90.37,3.1,0.0,0.0,0.0,0.0,0.0,126.1518,14.18,B,112238,False,False,False,False,27,7,2010
2010-07-09,12,5,21864.71,False,90.37,3.1,0.0,0.0,0.0,0.0,0.0,126.1518,14.18,B,112238,False,False,False,False,27,7,2010
2010-07-09,12,6,7867.66,False,90.37,3.1,0.0,0.0,0.0,0.0,0.0,126.1518,14.18,B,112238,False,False,False,False,27,7,2010
2010-07-09,12,7,29038.86,False,90.37,3.1,0.0,0.0,0.0,0.0,0.0,126.1518,14.18,B,112238,False,False,False,False,27,7,2010
2010-07-09,12,8,38522.47,False,90.37,3.1,0.0,0.0,0.0,0.0,0.0,126.1518,14.18,B,112238,False,False,False,False,27,7,2010
2010-07-09,12,9,23818.7,False,90.37,3.1,0.0,0.0,0.0,0.0,0.0,126.1518,14.18,B,112238,False,False,False,False,27,7,2010
2010-07-16,12,1,10612.72,False,97.18,3.094,0.0,0.0,0.0,0.0,0.0,126.1498065,14.18,B,112238,False,False,False,False,28,7,2010
2010-07-16,12,2,71618.89,False,97.18,3.094,0.0,0.0,0.0,0.0,0.0,126.1498065,14.18,B,112238,False,False,False,False,28,7,2010
2010-07-16,12,3,14377.58,False,97.18,3.094,0.0,0.0,0.0,0.0,0.0,126.1498065,14.18,B,112238,False,False,False,False,28,7,2010
2010-07-16,12,4,25710.67,False,97.18,3.094,0.0,0.0,0.0,0.0,0.0,126.1498065,14.18,B,112238,False,False,False,False,28,7,2010
2010-07-16,12,5,20997.94,False,97.18,3.094,0.0,0.0,0.0,0.0,0.0,126.1498065,14.18,B,112238,False,False,False,False,28,7,2010
2010-07-16,12,6,6146.37,False,97.18,3.094,0.0,0.0,0.0,0.0,0.0,126.1498065,14.18,B,112238,False,False,False,False,28,7,2010
2010-07-16,12,7,27479.01,False,97.18,3.094,0.0,0.0,0.0,0.0,0.0,126.1498065,14.18,B,112238,False,False,False,False,28,7,2010
2010-07-16,12,8,38264.3,False,97.18,3.094,0.0,0.0,0.0,0.0,0.0,126.1498065,14.18,B,112238,False,False,False,False,28,7,2010
2010-07-16,12,9,21053.58,False,97.18,3.094,0.0,0.0,0.0,0.0,0.0,126.1498065,14.18,B,112238,False,False,False,False,28,7,2010
2010-07-23,12,1,11096.53,False,99.22,3.112,0.0,0.0,0.0,0.0,0.0,126.1283548,14.18,B,112238,False,False,False,False,29,7,2010
2010-07-23,12,2,70414.68,False,99.22,3.112,0.0,0.0,0.0,0.0,0.0,126.1283548,14.18,B,112238,False,False,False,False,29,7,2010
2010-07-23,12,3,16706.48,False,99.22,3.112,0.0,0.0,0.0,0.0,0.0,126.1283548,14.18,B,112238,False,False,False,False,29,7,2010
2010-07-23,12,4,22592.67,False,99.22,3.112,0.0,0.0,0.0,0.0,0.0,126.1283548,14.18,B,112238,False,False,False,False,29,7,2010
2010-07-23,12,5,24154.33,False,99.22,3.112,0.0,0.0,0.0,0.0,0.0,126.1283548,14.18,B,112238,False,False,False,False,29,7,2010
2010-07-23,12,6,9134.16,False,99.22,3.112,0.0,0.0,0.0,0.0,0.0,126.1283548,14.18,B,112238,False,False,False,False,29,7,2010
2010-07-23,12,7,25226.37,False,99.22,3.112,0.0,0.0,0.0,0.0,0.0,126.1283548,14.18,B,112238,False,False,False,False,29,7,2010
2010-07-23,12,8,38615.79,False,99.22,3.112,0.0,0.0,0.0,0.0,0.0,126.1283548,14.18,B,112238,False,False,False,False,29,7,2010
2010-07-23,12,9,22320.15,False,99.22,3.112,0.0,0.0,0.0,0.0,0.0,126.1283548,14.18,B,112238,False,False,False,False,29,7,2010
2010-07-30,12,1,11640.6,False,96.31,3.017,0.0,0.0,0.0,0.0,0.0,126.1069032,14.18,B,112238,False,False,False,False,30,7,2010
2010-07-30,12,2,71301.61,False,96.31,3.017,0.0,0.0,0.0,0.0,0.0,126.1069032,14.18,B,112238,False,False,False,False,30,7,2010
2010-07-30,12,3,21831.26,False,96.31,3.017,0.0,0.0,0.0,0.0,0.0,126.1069032,14.18,B,112238,False,False,False,False,30,7,2010
2010-07-30,12,4,22814.99,False,96.31,3.017,0.0,0.0,0.0,0.0,0.0,126.1069032,14.18,B,112238,False,False,False,False,30,7,2010
2010-07-30,12,5,23750.62,False,96.31,3.017,0.0,0.0,0.0,0.0,0.0,126.1069032,14.18,B,112238,False,False,False,False,30,7,2010
2010-07-30,12,6,7212.75,False,96.31,3.017,0.0,0.0,0.0,0.0,0.0,126.1069032,14.18,B,112238,False,False,False,False,30,7,2010
2010-07-30,12,7,22847.79,False,96.31,3.017,0.0,0.0,0.0,0.0,0.0,126.1069032,14.18,B,112238,False,False,False,False,30,7,2010
2010-07-30,12,8,38751.55,False,96.31,3.017,0.0,0.0,0.0,0.0,0.0,126.1069032,14.18,B,112238,False,False,False,False,30,7,2010
2010-07-30,12,9,20460.62,False,96.31,3.017,0.0,0.0,0.0,0.0,0.0,126.1069032,14.18,B,112238,False,False,False,False,30,7,2010
2010-08-06,12,1,11394.92,False,92.95,3.123,0.0,0.0,0.0,0.0,0.0,126.0854516,14.18,B,112238,False,False,False,False,31,8,2010
2010-08-06,12,2,71779.27,False,92.95,3.123,0.0,0.0,0.0,0.0,0.0,126.0854516,14.18,B,112238,False,False,False,False,31,8,2010
2010-08-06,12,3,28620.5,False,92.95,3.123,0.0,0.0,0.0,0.0,0.0,126.0854516,14.18,B,112238,False,False,False,False,31,8,2010
2010-08-06,12,4,26719.93,False,92.95,3.123,0.0,0.0,0.0,0.0,0.0,126.0854516,14.18,B,112238,False,False,False,False,31,8,2010
2010-08-06,12,5,19118.79,False,92.95,3.123,0.0,0.0,0.0,0.0,0.0,126.0854516,14.18,B,112238,False,False,False,False,31,8,2010
2010-08-06,12,6,7881.28,False,92.95,3.123,0.0,0.0,0.0,0.0,0.0,126.0854516,14.18,B,112238,False,False,False,False,31,8,2010
2010-08-06,12,7,23480.57,False,92.95,3.123,0.0,0.0,0.0,0.0,0.0,126.0854516,14.18,B,112238,False,False,False,False,31,8,2010
2010-08-06,12,8,41037.75,False,92.95,3.123,0.0,0.0,0.0,0.0,0.0,126.0854516,14.18,B,112238,False,False,False,False,31,8,2010
2010-08-06,12,9,18395.43,False,92.95,3.123,0.0,0.0,0.0,0.0,0.0,126.0854516,14.18,B,112238,False,False,False,False,31,8,2010
2010-08-13,12,1,9557.34,False,87.01,3.159,0.0,0.0,0.0,0.0,0.0,126.064,14.18,B,112238,False,False,False,False,32,8,2010
2010-08-13,12,2,71766.77,False,87.01,3.159,0.0,0.0,0.0,0.0,0.0,126.064,14.18,B,112238,False,False,False,False,32,8,2010
2010-08-13,12,3,35175.83,False,87.01,3.159,0.0,0.0,0.0,0.0,0.0,126.064,14.18,B,112238,False,False,False,False,32,8,2010
2010-08-13,12,4,25394.54,False,87.01,3.159,0.0,0.0,0.0,0.0,0.0,126.064,14.18,B,112238,False,False,False,False,32,8,2010
2010-08-13,12,5,20126.75,False,87.01,3.159,0.0,0.0,0.0,0.0,0.0,126.064,14.18,B,112238,False,False,False,False,32,8,2010
2010-08-13,12,6,8024.89,False,87.01,3.159,0.0,0.0,0.0,0.0,0.0,126.064,14.18,B,112238,False,False,False,False,32,8,2010
2010-08-13,12,7,24527.35,False,87.01,3.159,0.0,0.0,0.0,0.0,0.0,126.064,14.18,B,112238,False,False,False,False,32,8,2010
2010-08-13,12,8,38892.97,False,87.01,3.159,0.0,0.0,0.0,0.0,0.0,126.064,14.18,B,112238,False,False,False,False,32,8,2010
2010-08-13,12,9,19995.9,False,87.01,3.159,0.0,0.0,0.0,0.0,0.0,126.064,14.18,B,112238,False,False,False,False,32,8,2010
2010-08-20,12,1,10453.09,False,92.81,3.041,0.0,0.0,0.0,0.0,0.0,126.0766452,14.18,B,112238,False,False,False,False,33,8,2010
2010-08-20,12,2,71820.01,False,92.81,3.041,0.0,0.0,0.0,0.0,0.0,126.0766452,14.18,B,112238,False,False,False,False,33,8,2010
2010-08-20,12,3,43938.19,False,92.81,3.041,0.0,0.0,0.0,0.0,0.0,126.0766452,14.18,B,112238,False,False,False,False,33,8,2010
2010-08-20,12,4,25895.37,False,92.81,3.041,0.0,0.0,0.0,0.0,0.0,126.0766452,14.18,B,112238,False,False,False,False,33,8,2010
2010-08-20,12,5,20630.35,False,92.81,3.041,0.0,0.0,0.0,0.0,0.0,126.0766452,14.18,B,112238,False,False,False,False,33,8,2010
2010-08-20,12,6,1812.47,False,92.81,3.041,0.0,0.0,0.0,0.0,0.0,126.0766452,14.18,B,112238,False,False,False,False,33,8,2010
2010-08-20,12,7,23822.38,False,92.81,3.041,0.0,0.0,0.0,0.0,0.0,126.0766452,14.18,B,112238,False,False,False,False,33,8,2010
2010-08-20,12,8,40242.34,False,92.81,3.041,0.0,0.0,0.0,0.0,0.0,126.0766452,14.18,B,112238,False,False,False,False,33,8,2010
2010-08-20,12,9,18740.46,False,92.81,3.041,0.0,0.0,0.0,0.0,0.0,126.0766452,14.18,B,112238,False,False,False,False,33,8,2010
2010-08-27,12,1,10119.3,False,93.19,3.129,0.0,0.0,0.0,0.0,0.0,126.0892903,14.18,B,112238,False,False,False,False,34,8,2010
2010-08-27,12,2,75148.88,False,93.19,3.129,0.0,0.0,0.0,0.0,0.0,126.0892903,14.18,B,112238,False,False,False,False,34,8,2010
2010-08-27,12,3,72028.94,False,93.19,3.129,0.0,0.0,0.0,0.0,0.0,126.0892903,14.18,B,112238,False,False,False,False,34,8,2010
2010-08-27,12,4,29727.93,False,93.19,3.129,0.0,0.0,0.0,0.0,0.0,126.0892903,14.18,B,112238,False,False,False,False,34,8,2010
2010-08-27,12,5,15800.83,False,93.19,3.129,0.0,0.0,0.0,0.0,0.0,126.0892903,14.18,B,112238,False,False,False,False,34,8,2010
2010-08-27,12,6,5657.24,False,93.19,3.129,0.0,0.0,0.0,0.0,0.0,126.0892903,14.18,B,112238,False,False,False,False,34,8,2010
2010-08-27,12,7,26855.47,False,93.19,3.129,0.0,0.0,0.0,0.0,0.0,126.0892903,14.18,B,112238,False,False,False,False,34,8,2010
2010-08-27,12,8,37626.72,False,93.19,3.129,0.0,0.0,0.0,0.0,0.0,126.0892903,14.18,B,112238,False,False,False,False,34,8,2010
2010-08-27,12,9,16814.69,False,93.19,3.129,0.0,0.0,0.0,0.0,0.0,126.0892903,14.18,B,112238,False,False,False,False,34,8,2010
2010-09-03,12,1,11667.69,False,83.12,3.087,0.0,0.0,0.0,0.0,0.0,126.1019355,14.18,B,112238,False,False,False,False,35,9,2010
2010-09-03,12,2,79682.93,False,83.12,3.087,0.0,0.0,0.0,0.0,0.0,126.1019355,14.18,B,112238,False,False,False,False,35,9,2010
2010-09-03,12,3,72549.46,False,83.12,3.087,0.0,0.0,0.0,0.0,0.0,126.1019355,14.18,B,112238,False,False,False,False,35,9,2010
2010-09-03,12,4,31614.73,False,83.12,3.087,0.0,0.0,0.0,0.0,0.0,126.1019355,14.18,B,112238,False,False,False,False,35,9,2010
2010-09-03,12,5,16187.59,False,83.12,3.087,0.0,0.0,0.0,0.0,0.0,126.1019355,14.18,B,112238,False,False,False,False,35,9,2010
2010-09-03,12,6,7050.69,False,83.12,3.087,0.0,0.0,0.0,0.0,0.0,126.1019355,14.18,B,112238,False,False,False,False,35,9,2010
2010-09-03,12,7,23103.59,False,83.12,3.087,0.0,0.0,0.0,0.0,0.0,126.1019355,14.18,B,112238,False,False,False,False,35,9,2010
2010-09-03,12,8,41073.04,False,83.12,3.087,0.0,0.0,0.0,0.0,0.0,126.1019355,14.18,B,112238,False,False,False,False,35,9,2010
2010-09-03,12,9,20463.57,False,83.12,3.087,0.0,0.0,0.0,0.0,0.0,126.1019355,14.18,B,112238,False,False,False,False,35,9,2010
2010-09-10,12,1,11995.69,True,83.63,3.044,0.0,0.0,0.0,0.0,0.0,126.1145806,14.18,B,112238,False,True,False,False,36,9,2010
2010-09-10,12,2,70420.41,True,83.63,3.044,0.0,0.0,0.0,0.0,0.0,126.1145806,14.18,B,112238,False,True,False,False,36,9,2010
2010-09-10,12,3,23338.8,True,83.63,3.044,0.0,0.0,0.0,0.0,0.0,126.1145806,14.18,B,112238,False,True,False,False,36,9,2010
2010-09-10,12,4,25385.84,True,83.63,3.044,0.0,0.0,0.0,0.0,0.0,126.1145806,14.18,B,112238,False,True,False,False,36,9,2010
2010-09-10,12,5,17211.13,True,83.63,3.044,0.0,0.0,0.0,0.0,0.0,126.1145806,14.18,B,112238,False,True,False,False,36,9,2010
2010-09-10,12,6,5625.13,True,83.63,3.044,0.0,0.0,0.0,0.0,0.0,126.1145806,14.18,B,112238,False,True,False,False,36,9,2010
2010-09-10,12,7,24237.36,True,83.63,3.044,0.0,0.0,0.0,0.0,0.0,126.1145806,14.18,B,112238,False,True,False,False,36,9,2010
2010-09-10,12,8,39737.36,True,83.63,3.044,0.0,0.0,0.0,0.0,0.0,126.1145806,14.18,B,112238,False,True,False,False,36,9,2010
2010-09-10,12,9,18375.65,True,83.63,3.044,0.0,0.0,0.0,0.0,0.0,126.1145806,14.18,B,112238,False,True,False,False,36,9,2010
2010-09-17,12,1,12391.08,False,82.45,3.028,0.0,0.0,0.0,0.0,0.0,126.1454667,14.18,B,112238,False,False,False,False,37,9,2010
2010-09-17,12,2,69405.98,False,82.45,3.028,0.0,0.0,0.0,0.0,0.0,126.1454667,14.18,B,112238,False,False,False,False,37,9,2010
2010-09-17,12,3,15550.72,False,82.45,3.028,0.0,0.0,0.0,0.0,0.0,126.1454667,14.18,B,112238,False,False,False,False,37,9,2010
2010-09-17,12,4,24937.12,False,82.45,3.028,0.0,0.0,0.0,0.0,0.0,126.1454667,14.18,B,112238,False,False,False,False,37,9,2010
2010-09-17,12,5,17990.43,False,82.45,3.028,0.0,0.0,0.0,0.0,0.0,126.1454667,14.18,B,112238,False,False,False,False,37,9,2010
2010-09-17,12,6,5711.15,False,82.45,3.028,0.0,0.0,0.0,0.0,0.0,126.1454667,14.18,B,112238,False,False,False,False,37,9,2010
2010-09-17,12,7,21734.42,False,82.45,3.028,0.0,0.0,0.0,0.0,0.0,126.1454667,14.18,B,112238,False,False,False,False,37,9,2010
2010-09-17,12,8,40734.74,False,82.45,3.028,0.0,0.0,0.0,0.0,0.0,126.1454667,14.18,B,112238,False,False,False,False,37,9,2010
2010-09-17,12,9,15939.38,False,82.45,3.028,0.0,0.0,0.0,0.0,0.0,126.1454667,14.18,B,112238,False,False,False,False,37,9,2010
2010-09-24,12,1,12965.23,False,81.77,2.939,0.0,0.0,0.0,0.0,0.0,126.1900333,14.18,B,112238,False,False,False,False,38,9,2010
2010-09-24,12,2,70717.58,False,81.77,2.939,0.0,0.0,0.0,0.0,0.0,126.1900333,14.18,B,112238,False,False,False,False,38,9,2010
2010-09-24,12,3,13502.22,False,81.77,2.939,0.0,0.0,0.0,0.0,0.0,126.1900333,14.18,B,112238,False,False,False,False,38,9,2010
2010-09-24,12,4,24011.37,False,81.77,2.939,0.0,0.0,0.0,0.0,0.0,126.1900333,14.18,B,112238,False,False,False,False,38,9,2010
2010-09-24,12,5,18550.24,False,81.77,2.939,0.0,0.0,0.0,0.0,0.0,126.1900333,14.18,B,112238,False,False,False,False,38,9,2010
2010-09-24,12,6,5346.99,False,81.77,2.939,0.0,0.0,0.0,0.0,0.0,126.1900333,14.18,B,112238,False,False,False,False,38,9,2010
2010-09-24,12,7,21052.81,False,81.77,2.939,0.0,0.0,0.0,0.0,0.0,126.1900333,14.18,B,112238,False,False,False,False,38,9,2010
2010-09-24,12,8,40461.42,False,81.77,2.939,0.0,0.0,0.0,0.0,0.0,126.1900333,14.18,B,112238,False,False,False,False,38,9,2010
2010-09-24,12,9,18105.07,False,81.77,2.939,0.0,0.0,0.0,0.0,0.0,126.1900333,14.18,B,112238,False,False,False,False,38,9,2010
2010-10-01,12,1,13498.88,False,85.2,3.001,0.0,0.0,0.0,0.0,0.0,126.2346,14.313,B,112238,False,False,False,False,39,10,2010
2010-10-01,12,2,71180.24,False,85.2,3.001,0.0,0.0,0.0,0.0,0.0,126.2346,14.313,B,112238,False,False,False,False,39,10,2010
2010-10-01,12,3,12537.61,False,85.2,3.001,0.0,0.0,0.0,0.0,0.0,126.2346,14.313,B,112238,False,False,False,False,39,10,2010
2010-10-01,12,4,24427.03,False,85.2,3.001,0.0,0.0,0.0,0.0,0.0,126.2346,14.313,B,112238,False,False,False,False,39,10,2010
2010-10-01,12,5,21992.39,False,85.2,3.001,0.0,0.0,0.0,0.0,0.0,126.2346,14.313,B,112238,False,False,False,False,39,10,2010
2010-10-01,12,6,5351.59,False,85.2,3.001,0.0,0.0,0.0,0.0,0.0,126.2346,14.313,B,112238,False,False,False,False,39,10,2010
2010-10-01,12,7,24435.29,False,85.2,3.001,0.0,0.0,0.0,0.0,0.0,126.2346,14.313,B,112238,False,False,False,False,39,10,2010
2010-10-01,12,8,39399.11,False,85.2,3.001,0.0,0.0,0.0,0.0,0.0,126.2346,14.313,B,112238,False,False,False,False,39,10,2010
2010-10-01,12,9,15553.08,False,85.2,3.001,0.0,0.0,0.0,0.0,0.0,126.2346,14.313,B,112238,False,False,False,False,39,10,2010
2010-10-08,12,1,15827.89,False,71.82,3.013,0.0,0.0,0.0,0.0,0.0,126.2791667,14.313,B,112238,False,False,False,False,40,10,2010
2010-10-08,12,2,72622.44,False,71.82,3.013,0.0,0.0,0.0,0.0,0.0,126.2791667,14.313,B,112238,False,False,False,False,40,10,2010
2010-10-08,12,3,12937.75,False,71.82,3.013,0.0,0.0,0.0,0.0,0.0,126.2791667,14.313,B,112238,False,False,False,False,40,10,2010
2010-10-08,12,4,25347.19,False,71.82,3.013,0.0,0.0,0.0,0.0,0.0,126.2791667,14.313,B,112238,False,False,False,False,40,10,2010
2010-10-08,12,5,23313.94,False,71.82,3.013,0.0,0.0,0.0,0.0,0.0,126.2791667,14.313,B,112238,False,False,False,False,40,10,2010
2010-10-08,12,6,6643.49,False,71.82,3.013,0.0,0.0,0.0,0.0,0.0,126.2791667,14.313,B,112238,False,False,False,False,40,10,2010
2010-10-08,12,7,23631.11,False,71.82,3.013,0.0,0.0,0.0,0.0,0.0,126.2791667,14.313,B,112238,False,False,False,False,40,10,2010
2010-10-08,12,8,41841.52,False,71.82,3.013,0.0,0.0,0.0,0.0,0.0,126.2791667,14.313,B,112238,False,False,False,False,40,10,2010
2010-10-08,12,9,17090.89,False,71.82,3.013,0.0,0.0,0.0,0.0,0.0,126.2791667,14.313,B,112238,False,False,False,False,40,10,2010
2010-10-15,12,1,17403.45,False,75.0,2.976,0.0,0.0,0.0,0.0,0.0,126.3266774,14.313,B,112238,False,False,False,False,41,10,2010
2010-10-15,12,2,68417.54,False,75.0,2.976,0.0,0.0,0.0,0.0,0.0,126.3266774,14.313,B,112238,False,False,False,False,41,10,2010
2010-10-15,12,3,13650.9,False,75.0,2.976,0.0,0.0,0.0,0.0,0.0,126.3266774,14.313,B,112238,False,False,False,False,41,10,2010
2010-10-15,12,4,24570.75,False,75.0,2.976,0.0,0.0,0.0,0.0,0.0,126.3266774,14.313,B,112238,False,False,False,False,41,10,2010
2010-10-15,12,5,18541.61,False,75.0,2.976,0.0,0.0,0.0,0.0,0.0,126.3266774,14.313,B,112238,False,False,False,False,41,10,2010
2010-10-15,12,6,6000.41,False,75.0,2.976,0.0,0.0,0.0,0.0,0.0,126.3266774,14.313,B,112238,False,False,False,False,41,10,2010
2010-10-15,12,7,22891.41,False,75.0,2.976,0.0,0.0,0.0,0.0,0.0,126.3266774,14.313,B,112238,False,False,False,False,41,10,2010
2010-10-15,12,8,38565.09,False,75.0,2.976,0.0,0.0,0.0,0.0,0.0,126.3266774,14.313,B,112238,False,False,False,False,41,10,2010
2010-10-15,12,9,12857.49,False,75.0,2.976,0.0,0.0,0.0,0.0,0.0,126.3266774,14.313,B,112238,False,False,False,False,41,10,2010
2010-10-22,12,1,19433.79,False,68.85,3.014,0.0,0.0,0.0,0.0,0.0,126.3815484,14.313,B,112238,False,False,False,False,42,10,2010
2010-10-22,12,2,69459.17,False,68.85,3.014,0.0,0.0,0.0,0.0,0.0,126.3815484,14.313,B,112238,False,False,False,False,42,10,2010
2010-10-22,12,3,11815.3,False,68.85,3.014,0.0,0.0,0.0,0.0,0.0,126.3815484,14.313,B,112238,False,False,False,False,42,10,2010
2010-10-22,12,4,23473.42,False,68.85,3.014,0.0,0.0,0.0,0.0,0.0,126.3815484,14.313,B,112238,False,False,False,False,42,10,2010
2010-10-22,12,5,22055.58,False,68.85,3.014,0.0,0.0,0.0,0.0,0.0,126.3815484,14.313,B,112238,False,False,False,False,42,10,2010
2010-10-22,12,6,5027.36,False,68.85,3.014,0.0,0.0,0.0,0.0,0.0,126.3815484,14.313,B,112238,False,False,False,False,42,10,2010
2010-10-22,12,7,21206.67,False,68.85,3.014,0.0,0.0,0.0,0.0,0.0,126.3815484,14.313,B,112238,False,False,False,False,42,10,2010
2010-10-22,12,8,37948.5,False,68.85,3.014,0.0,0.0,0.0,0.0,0.0,126.3815484,14.313,B,112238,False,False,False,False,42,10,2010
2010-10-22,12,9,13219.93,False,68.85,3.014,0.0,0.0,0.0,0.0,0.0,126.3815484,14.313,B,112238,False,False,False,False,42,10,2010
2010-10-29,12,1,32760.45,False,61.09,3.016,0.0,0.0,0.0,0.0,0.0,126.4364194,14.313,B,112238,False,False,False,False,43,10,2010
2010-10-29,12,2,67848.85,False,61.09,3.016,0.0,0.0,0.0,0.0,0.0,126.4364194,14.313,B,112238,False,False,False,False,43,10,2010
2010-10-29,12,3,11882.18,False,61.09,3.016,0.0,0.0,0.0,0.0,0.0,126.4364194,14.313,B,112238,False,False,False,False,43,10,2010
2010-10-29,12,4,25392.91,False,61.09,3.016,0.0,0.0,0.0,0.0,0.0,126.4364194,14.313,B,112238,False,False,False,False,43,10,2010
2010-10-29,12,5,18605.96,False,61.09,3.016,0.0,0.0,0.0,0.0,0.0,126.4364194,14.313,B,112238,False,False,False,False,43,10,2010
2010-10-29,12,6,5795.23,False,61.09,3.016,0.0,0.0,0.0,0.0,0.0,126.4364194,14.313,B,112238,False,False,False,False,43,10,2010
2010-10-29,12,7,25560.09,False,61.09,3.016,0.0,0.0,0.0,0.0,0.0,126.4364194,14.313,B,112238,False,False,False,False,43,10,2010
2010-10-29,12,8,42787.25,False,61.09,3.016,0.0,0.0,0.0,0.0,0.0,126.4364194,14.313,B,112238,False,False,False,False,43,10,2010
2010-10-29,12,9,13730.23,False,61.09,3.016,0.0,0.0,0.0,0.0,0.0,126.4364194,14.313,B,112238,False,False,False,False,43,10,2010
2010-11-05,12,1,36945.66,False,65.49,3.129,0.0,0.0,0.0,0.0,0.0,126.4912903,14.313,B,112238,False,False,False,False,44,11,2010
2010-11-05,12,2,66783.35,False,65.49,3.129,0.0,0.0,0.0,0.0,0.0,126.4912903,14.313,B,112238,False,False,False,False,44,11,2010
2010-11-05,12,3,10791.06,False,65.49,3.129,0.0,0.0,0.0,0.0,0.0,126.4912903,14.313,B,112238,False,False,False,False,44,11,2010
2010-11-05,12,4,26449.3,False,65.49,3.129,0.0,0.0,0.0,0.0,0.0,126.4912903,14.313,B,112238,False,False,False,False,44,11,2010
2010-11-05,12,5,21613.31,False,65.49,3.129,0.0,0.0,0.0,0.0,0.0,126.4912903,14.313,B,112238,False,False,False,False,44,11,2010
2010-11-05,12,6,6053.17,False,65.49,3.129,0.0,0.0,0.0,0.0,0.0,126.4912903,14.313,B,112238,False,False,False,False,44,11,2010
2010-11-05,12,7,26222.32,False,65.49,3.129,0.0,0.0,0.0,0.0,0.0,126.4912903,14.313,B,112238,False,False,False,False,44,11,2010
2010-11-05,12,8,42045.31,False,65.49,3.129,0.0,0.0,0.0,0.0,0.0,126.4912903,14.313,B,112238,False,False,False,False,44,11,2010
2010-11-05,12,9,14682.8,False,65.49,3.129,0.0,0.0,0.0,0.0,0.0,126.4912903,14.313,B,112238,False,False,False,False,44,11,2010
2010-11-12,12,1,11608.18,False,57.79,3.13,0.0,0.0,0.0,0.0,0.0,126.5461613,14.313,B,112238,False,False,False,False,45,11,2010
2010-11-12,12,2,66377.02,False,57.79,3.13,0.0,0.0,0.0,0.0,0.0,126.5461613,14.313,B,112238,False,False,False,False,45,11,2010
2010-11-12,12,3,10780.97,False,57.79,3.13,0.0,0.0,0.0,0.0,0.0,126.5461613,14.313,B,112238,False,False,False,False,45,11,2010
2010-11-12,12,4,25265.97,False,57.79,3.13,0.0,0.0,0.0,0.0,0.0,126.5461613,14.313,B,112238,False,False,False,False,45,11,2010
2010-11-12,12,5,27480.65,False,57.79,3.13,0.0,0.0,0.0,0.0,0.0,126.5461613,14.313,B,112238,False,False,False,False,45,11,2010
2010-11-12,12,6,7287.04,False,57.79,3.13,0.0,0.0,0.0,0.0,0.0,126.5461613,14.313,B,112238,False,False,False,False,45,11,2010
2010-11-12,12,7,30448.99,False,57.79,3.13,0.0,0.0,0.0,0.0,0.0,126.5461613,14.313,B,112238,False,False,False,False,45,11,2010
2010-11-12,12,8,42976.9,False,57.79,3.13,0.0,0.0,0.0,0.0,0.0,126.5461613,14.313,B,112238,False,False,False,False,45,11,2010
2010-11-12,12,9,14055.09,False,57.79,3.13,0.0,0.0,0.0,0.0,0.0,126.5461613,14.313,B,112238,False,False,False,False,45,11,2010
2010-11-19,12,1,12815.09,False,58.18,3.161,0.0,0.0,0.0,0.0,0.0,126.6072,14.313,B,112238,False,False,False,False,46,11,2010
2010-11-19,12,2,66134.75,False,58.18,3.161,0.0,0.0,0.0,0.0,0.0,126.6072,14.313,B,112238,False,False,False,False,46,11,2010
2010-11-19,12,3,10105.46,False,58.18,3.161,0.0,0.0,0.0,0.0,0.0,126.6072,14.313,B,112238,False,False,False,False,46,11,2010
2010-11-19,12,4,24357.51,False,58.18,3.161,0.0,0.0,0.0,0.0,0.0,126.6072,14.313,B,112238,False,False,False,False,46,11,2010
2010-11-19,12,5,23764.17,False,58.18,3.161,0.0,0.0,0.0,0.0,0.0,126.6072,14.313,B,112238,False,False,False,False,46,11,2010
2010-11-19,12,6,3887.56,False,58.18,3.161,0.0,0.0,0.0,0.0,0.0,126.6072,14.313,B,112238,False,False,False,False,46,11,2010
2010-11-19,12,7,30966.73,False,58.18,3.161,0.0,0.0,0.0,0.0,0.0,126.6072,14.313,B,112238,False,False,False,False,46,11,2010
2010-11-19,12,8,43034.49,False,58.18,3.161,0.0,0.0,0.0,0.0,0.0,126.6072,14.313,B,112238,False,False,False,False,46,11,2010
2010-11-19,12,9,11366.11,False,58.18,3.161,0.0,0.0,0.0,0.0,0.0,126.6072,14.313,B,112238,False,False,False,False,46,11,2010
2010-11-26,12,1,14004.02,True,47.66,3.162,0.0,0.0,0.0,0.0,0.0,126.6692667,14.313,B,112238,False,False,True,False,47,11,2010
2010-11-26,12,2,67722.2,True,47.66,3.162,0.0,0.0,0.0,0.0,0.0,126.6692667,14.313,B,112238,False,False,True,False,47,11,2010
2010-11-26,12,3,11589.27,True,47.66,3.162,0.0,0.0,0.0,0.0,0.0,126.6692667,14.313,B,112238,False,False,True,False,47,11,2010
2010-11-26,12,4,26743.54,True,47.66,3.162,0.0,0.0,0.0,0.0,0.0,126.6692667,14.313,B,112238,False,False,True,False,47,11,2010
2010-11-26,12,5,103632.86,True,47.66,3.162,0.0,0.0,0.0,0.0,0.0,126.6692667,14.313,B,112238,False,False,True,False,47,11,2010
2010-11-26,12,6,27952.85,True,47.66,3.162,0.0,0.0,0.0,0.0,0.0,126.6692667,14.313,B,112238,False,False,True,False,47,11,2010
2010-11-26,12,7,79219.63,True,47.66,3.162,0.0,0.0,0.0,0.0,0.0,126.6692667,14.313,B,112238,False,False,True,False,47,11,2010
2010-11-26,12,8,42216.61,True,47.66,3.162,0.0,0.0,0.0,0.0,0.0,126.6692667,14.313,B,112238,False,False,True,False,47,11,2010
2010-11-26,12,9,17482.5,True,47.66,3.162,0.0,0.0,0.0,0.0,0.0,126.6692667,14.313,B,112238,False,False,True,False,47,11,2010
2010-12-03,12,1,18754.63,False,43.33,3.041,0.0,0.0,0.0,0.0,0.0,126.7313333,14.313,B,112238,False,False,False,False,48,12,2010
2010-12-03,12,2,64232.96,False,43.33,3.041,0.0,0.0,0.0,0.0,0.0,126.7313333,14.313,B,112238,False,False,False,False,48,12,2010
2010-12-03,12,3,13445.68,False,43.33,3.041,0.0,0.0,0.0,0.0,0.0,126.7313333,14.313,B,112238,False,False,False,False,48,12,2010
2010-12-03,12,4,26010.03,False,43.33,3.041,0.0,0.0,0.0,0.0,0.0,126.7313333,14.313,B,112238,False,False,False,False,48,12,2010
2010-12-03,12,5,41484.78,False,43.33,3.041,0.0,0.0,0.0,0.0,0.0,126.7313333,14.313,B,112238,False,False,False,False,48,12,2010
2010-12-03,12,6,3003.13,False,43.33,3.041,0.0,0.0,0.0,0.0,0.0,126.7313333,14.313,B,112238,False,False,False,False,48,12,2010
2010-12-03,12,7,48704.99,False,43.33,3.041,0.0,0.0,0.0,0.0,0.0,126.7313333,14.313,B,112238,False,False,False,False,48,12,2010
2010-12-03,12,8,45149.14,False,43.33,3.041,0.0,0.0,0.0,0.0,0.0,126.7313333,14.313,B,112238,False,False,False,False,48,12,2010
2010-12-03,12,9,10003.66,False,43.33,3.041,0.0,0.0,0.0,0.0,0.0,126.7313333,14.313,B,112238,False,False,False,False,48,12,2010
2010-12-10,12,1,24253.71,False,50.01,3.203,0.0,0.0,0.0,0.0,0.0,126.7934,14.313,B,112238,False,False,False,False,49,12,2010
2010-12-10,12,2,66215.83,False,50.01,3.203,0.0,0.0,0.0,0.0,0.0,126.7934,14.313,B,112238,False,False,False,False,49,12,2010
2010-12-10,12,3,14055.3,False,50.01,3.203,0.0,0.0,0.0,0.0,0.0,126.7934,14.313,B,112238,False,False,False,False,49,12,2010
2010-12-10,12,4,25020.16,False,50.01,3.203,0.0,0.0,0.0,0.0,0.0,126.7934,14.313,B,112238,False,False,False,False,49,12,2010
2010-12-10,12,5,65270.0,False,50.01,3.203,0.0,0.0,0.0,0.0,0.0,126.7934,14.313,B,112238,False,False,False,False,49,12,2010
2010-12-10,12,6,5328.92,False,50.01,3.203,0.0,0.0,0.0,0.0,0.0,126.7934,14.313,B,112238,False,False,False,False,49,12,2010
2010-12-10,12,7,77759.03,False,50.01,3.203,0.0,0.0,0.0,0.0,0.0,126.7934,14.313,B,112238,False,False,False,False,49,12,2010
2010-12-10,12,8,44727.82,False,50.01,3.203,0.0,0.0,0.0,0.0,0.0,126.7934,14.313,B,112238,False,False,False,False,49,12,2010
2010-12-10,12,9,13662.11,False,50.01,3.203,0.0,0.0,0.0,0.0,0.0,126.7934,14.313,B,112238,False,False,False,False,49,12,2010
2010-12-17,12,1,36307.47,False,52.77,3.236,0.0,0.0,0.0,0.0,0.0,126.8794839,14.313,B,112238,False,False,False,False,50,12,2010
2010-12-17,12,2,67837.45,False,52.77,3.236,0.0,0.0,0.0,0.0,0.0,126.8794839,14.313,B,112238,False,False,False,False,50,12,2010
2010-12-17,12,3,15340.47,False,52.77,3.236,0.0,0.0,0.0,0.0,0.0,126.8794839,14.313,B,112238,False,False,False,False,50,12,2010
2010-12-17,12,4,26618.87,False,52.77,3.236,0.0,0.0,0.0,0.0,0.0,126.8794839,14.313,B,112238,False,False,False,False,50,12,2010
2010-12-17,12,5,71406.9,False,52.77,3.236,0.0,0.0,0.0,0.0,0.0,126.8794839,14.313,B,112238,False,False,False,False,50,12,2010
2010-12-17,12,6,11625.78,False,52.77,3.236,0.0,0.0,0.0,0.0,0.0,126.8794839,14.313,B,112238,False,False,False,False,50,12,2010
2010-12-17,12,7,132406.42,False,52.77,3.236,0.0,0.0,0.0,0.0,0.0,126.8794839,14.313,B,112238,False,False,False,False,50,12,2010
2010-12-17,12,8,44419.15,False,52.77,3.236,0.0,0.0,0.0,0.0,0.0,126.8794839,14.313,B,112238,False,False,False,False,50,12,2010
2010-12-17,12,9,14188.11,False,52.77,3.236,0.0,0.0,0.0,0.0,0.0,126.8794839,14.313,B,112238,False,False,False,False,50,12,2010
2010-12-24,12,1,43689.13,False,52.02,3.236,0.0,0.0,0.0,0.0,0.0,126.9835806,14.313,B,112238,False,False,False,False,51,12,2010
2010-12-24,12,2,76025.42,False,52.02,3.236,0.0,0.0,0.0,0.0,0.0,126.9835806,14.313,B,112238,False,False,False,False,51,12,2010
2010-12-24,12,3,16254.28,False,52.02,3.236,0.0,0.0,0.0,0.0,0.0,126.9835806,14.313,B,112238,False,False,False,False,51,12,2010
2010-12-24,12,4,29050.75,False,52.02,3.236,0.0,0.0,0.0,0.0,0.0,126.9835806,14.313,B,112238,False,False,False,False,51,12,2010
2010-12-24,12,5,101447.91,False,52.02,3.236,0.0,0.0,0.0,0.0,0.0,126.9835806,14.313,B,112238,False,False,False,False,51,12,2010
2010-12-24,12,6,23721.69,False,52.02,3.236,0.0,0.0,0.0,0.0,0.0,126.9835806,14.313,B,112238,False,False,False,False,51,12,2010
2010-12-24,12,7,271698.17,False,52.02,3.236,0.0,0.0,0.0,0.0,0.0,126.9835806,14.313,B,112238,False,False,False,False,51,12,2010
2010-12-24,12,8,48404.67,False,52.02,3.236,0.0,0.0,0.0,0.0,0.0,126.9835806,14.313,B,112238,False,False,False,False,51,12,2010
2010-12-24,12,9,25088.78,False,52.02,3.236,0.0,0.0,0.0,0.0,0.0,126.9835806,14.313,B,112238,False,False,False,False,51,12,2010
2010-12-31,12,1,18294.29,True,45.64,3.148,0.0,0.0,0.0,0.0,0.0,127.0876774,14.313,B,112238,False,False,False,True,52,12,2010
2010-12-31,12,2,58893.22,True,45.64,3.148,0.0,0.0,0.0,0.0,0.0,127.0876774,14.313,B,112238,False,False,False,True,52,12,2010
2010-12-31,12,3,8891.99,True,45.64,3.148,0.0,0.0,0.0,0.0,0.0,127.0876774,14.313,B,112238,False,False,False,True,52,12,2010
2010-12-31,12,4,27329.83,True,45.64,3.148,0.0,0.0,0.0,0.0,0.0,127.0876774,14.313,B,112238,False,False,False,True,52,12,2010
2010-12-31,12,5,33054.19,True,45.64,3.148,0.0,0.0,0.0,0.0,0.0,127.0876774,14.313,B,112238,False,False,False,True,52,12,2010
2010-12-31,12,6,8418.02,True,45.64,3.148,0.0,0.0,0.0,0.0,0.0,127.0876774,14.313,B,112238,False,False,False,True,52,12,2010
2010-12-31,12,7,35269.3,True,45.64,3.148,0.0,0.0,0.0,0.0,0.0,127.0876774,14.313,B,112238,False,False,False,True,52,12,2010
2010-12-31,12,8,37945.75,True,45.64,3.148,0.0,0.0,0.0,0.0,0.0,127.0876774,14.313,B,112238,False,False,False,True,52,12,2010
2010-12-31,12,9,13528.08,True,45.64,3.148,0.0,0.0,0.0,0.0,0.0,127.0876774,14.313,B,112238,False,False,False,True,52,12,2010
2011-01-07,12,1,11800.72,False,37.64,3.287,0.0,0.0,0.0,0.0,0.0,127.1917742,14.021,B,112238,False,False,False,False,1,1,2011
2011-01-07,12,2,66767.23,False,37.64,3.287,0.0,0.0,0.0,0.0,0.0,127.1917742,14.021,B,112238,False,False,False,False,1,1,2011
2011-01-07,12,3,15601.28,False,37.64,3.287,0.0,0.0,0.0,0.0,0.0,127.1917742,14.021,B,112238,False,False,False,False,1,1,2011
2011-01-07,12,4,28756.17,False,37.64,3.287,0.0,0.0,0.0,0.0,0.0,127.1917742,14.021,B,112238,False,False,False,False,1,1,2011
2011-01-07,12,5,27822.16,False,37.64,3.287,0.0,0.0,0.0,0.0,0.0,127.1917742,14.021,B,112238,False,False,False,False,1,1,2011
2011-01-07,12,6,4410.0,False,37.64,3.287,0.0,0.0,0.0,0.0,0.0,127.1917742,14.021,B,112238,False,False,False,False,1,1,2011
2011-01-07,12,7,22748.09,False,37.64,3.287,0.0,0.0,0.0,0.0,0.0,127.1917742,14.021,B,112238,False,False,False,False,1,1,2011
2011-01-07,12,8,42630.11,False,37.64,3.287,0.0,0.0,0.0,0.0,0.0,127.1917742,14.021,B,112238,False,False,False,False,1,1,2011
2011-01-07,12,9,11215.45,False,37.64,3.287,0.0,0.0,0.0,0.0,0.0,127.1917742,14.021,B,112238,False,False,False,False,1,1,2011
2011-01-14,12,1,11463.13,False,43.15,3.312,0.0,0.0,0.0,0.0,0.0,127.3009355,14.021,B,112238,False,False,False,False,2,1,2011
2011-01-14,12,2,65002.1,False,43.15,3.312,0.0,0.0,0.0,0.0,0.0,127.3009355,14.021,B,112238,False,False,False,False,2,1,2011
2011-01-14,12,3,14594.85,False,43.15,3.312,0.0,0.0,0.0,0.0,0.0,127.3009355,14.021,B,112238,False,False,False,False,2,1,2011
2011-01-14,12,4,26592.66,False,43.15,3.312,0.0,0.0,0.0,0.0,0.0,127.3009355,14.021,B,112238,False,False,False,False,2,1,2011
2011-01-14,12,5,20351.51,False,43.15,3.312,0.0,0.0,0.0,0.0,0.0,127.3009355,14.021,B,112238,False,False,False,False,2,1,2011
2011-01-14,12,6,4814.13,False,43.15,3.312,0.0,0.0,0.0,0.0,0.0,127.3009355,14.021,B,112238,False,False,False,False,2,1,2011
2011-01-14,12,7,16972.28,False,43.15,3.312,0.0,0.0,0.0,0.0,0.0,127.3009355,14.021,B,112238,False,False,False,False,2,1,2011
2011-01-14,12,8,39586.42,False,43.15,3.312,0.0,0.0,0.0,0.0,0.0,127.3009355,14.021,B,112238,False,False,False,False,2,1,2011
2011-01-14,12,9,11754.11,False,43.15,3.312,0.0,0.0,0.0,0.0,0.0,127.3009355,14.021,B,112238,False,False,False,False,2,1,2011
2011-01-21,12,1,12132.72,False,53.53,3.223,0.0,0.0,0.0,0.0,0.0,127.4404839,14.021,B,112238,False,False,False,False,3,1,2011
2011-01-21,12,2,64625.29,False,53.53,3.223,0.0,0.0,0.0,0.0,0.0,127.4404839,14.021,B,112238,False,False,False,False,3,1,2011
2011-01-21,12,3,13814.83,False,53.53,3.223,0.0,0.0,0.0,0.0,0.0,127.4404839,14.021,B,112238,False,False,False,False,3,1,2011
2011-01-21,12,4,25093.54,False,53.53,3.223,0.0,0.0,0.0,0.0,0.0,127.4404839,14.021,B,112238,False,False,False,False,3,1,2011
2011-01-21,12,5,21868.32,False,53.53,3.223,0.0,0.0,0.0,0.0,0.0,127.4404839,14.021,B,112238,False,False,False,False,3,1,2011
2011-01-21,12,6,1990.03,False,53.53,3.223,0.0,0.0,0.0,0.0,0.0,127.4404839,14.021,B,112238,False,False,False,False,3,1,2011
2011-01-21,12,7,18693.09,False,53.53,3.223,0.0,0.0,0.0,0.0,0.0,127.4404839,14.021,B,112238,False,False,False,False,3,1,2011
2011-01-21,12,8,40305.93,False,53.53,3.223,0.0,0.0,0.0,0.0,0.0,127.4404839,14.021,B,112238,False,False,False,False,3,1,2011
2011-01-21,12,9,14536.79,False,53.53,3.223,0.0,0.0,0.0,0.0,0.0,127.4404839,14.021,B,112238,False,False,False,False,3,1,2011
2011-01-28,12,1,13022.67,False,50.74,3.342,0.0,0.0,0.0,0.0,0.0,127.5800323,14.021,B,112238,False,False,False,False,4,1,2011
2011-01-28,12,2,66323.41,False,50.74,3.342,0.0,0.0,0.0,0.0,0.0,127.5800323,14.021,B,112238,False,False,False,False,4,1,2011
2011-01-28,12,3,18970.89,False,50.74,3.342,0.0,0.0,0.0,0.0,0.0,127.5800323,14.021,B,112238,False,False,False,False,4,1,2011
2011-01-28,12,4,25103.42,False,50.74,3.342,0.0,0.0,0.0,0.0,0.0,127.5800323,14.021,B,112238,False,False,False,False,4,1,2011
2011-01-28,12,5,23728.06,False,50.74,3.342,0.0,0.0,0.0,0.0,0.0,127.5800323,14.021,B,112238,False,False,False,False,4,1,2011
2011-01-28,12,6,4742.89,False,50.74,3.342,0.0,0.0,0.0,0.0,0.0,127.5800323,14.021,B,112238,False,False,False,False,4,1,2011
2011-01-28,12,7,19395.26,False,50.74,3.342,0.0,0.0,0.0,0.0,0.0,127.5800323,14.021,B,112238,False,False,False,False,4,1,2011
2011-01-28,12,8,42461.3,False,50.74,3.342,0.0,0.0,0.0,0.0,0.0,127.5800323,14.021,B,112238,False,False,False,False,4,1,2011
2011-01-28,12,9,13069.87,False,50.74,3.342,0.0,0.0,0.0,0.0,0.0,127.5800323,14.021,B,112238,False,False,False,False,4,1,2011
2011-02-04,12,1,14550.06,False,45.14,3.348,0.0,0.0,0.0,0.0,0.0,127.7195806,14.021,B,112238,False,False,False,False,5,2,2011
2011-02-04,12,2,74497.0,False,45.14,3.348,0.0,0.0,0.0,0.0,0.0,127.7195806,14.021,B,112238,False,False,False,False,5,2,2011
2011-02-04,12,3,16826.81,False,45.14,3.348,0.0,0.0,0.0,0.0,0.0,127.7195806,14.021,B,112238,False,False,False,False,5,2,2011
2011-02-04,12,4,30042.99,False,45.14,3.348,0.0,0.0,0.0,0.0,0.0,127.7195806,14.021,B,112238,False,False,False,False,5,2,2011
2011-02-04,12,5,27329.23,False,45.14,3.348,0.0,0.0,0.0,0.0,0.0,127.7195806,14.021,B,112238,False,False,False,False,5,2,2011
2011-02-04,12,6,7717.17,False,45.14,3.348,0.0,0.0,0.0,0.0,0.0,127.7195806,14.021,B,112238,False,False,False,False,5,2,2011
2011-02-04,12,7,24407.47,False,45.14,3.348,0.0,0.0,0.0,0.0,0.0,127.7195806,14.021,B,112238,False,False,False,False,5,2,2011
2011-02-04,12,8,44162.63,False,45.14,3.348,0.0,0.0,0.0,0.0,0.0,127.7195806,14.021,B,112238,False,False,False,False,5,2,2011
2011-02-04,12,9,17503.89,False,45.14,3.348,0.0,0.0,0.0,0.0,0.0,127.7195806,14.021,B,112238,False,False,False,False,5,2,2011
2011-02-11,12,1,23821.56,True,51.3,3.381,0.0,0.0,0.0,0.0,0.0,127.859129,14.021,B,112238,True,False,False,False,6,2,2011
2011-02-11,12,2,76035.22,True,51.3,3.381,0.0,0.0,0.0,0.0,0.0,127.859129,14.021,B,112238,True,False,False,False,6,2,2011
2011-02-11,12,3,16770.2,True,51.3,3.381,0.0,0.0,0.0,0.0,0.0,127.859129,14.021,B,112238,True,False,False,False,6,2,2011
2011-02-11,12,4,28739.71,True,51.3,3.381,0.0,0.0,0.0,0.0,0.0,127.859129,14.021,B,112238,True,False,False,False,6,2,2011
2011-02-11,12,5,30374.43,True,51.3,3.381,0.0,0.0,0.0,0.0,0.0,127.859129,14.021,B,112238,True,False,False,False,6,2,2011
2011-02-11,12,6,5965.64,True,51.3,3.381,0.0,0.0,0.0,0.0,0.0,127.859129,14.021,B,112238,True,False,False,False,6,2,2011
2011-02-11,12,7,24165.81,True,51.3,3.381,0.0,0.0,0.0,0.0,0.0,127.859129,14.021,B,112238,True,False,False,False,6,2,2011
2011-02-11,12,8,43568.88,True,51.3,3.381,0.0,0.0,0.0,0.0,0.0,127.859129,14.021,B,112238,True,False,False,False,6,2,2011
2011-02-11,12,9,16667.85,True,51.3,3.381,0.0,0.0,0.0,0.0,0.0,127.859129,14.021,B,112238,True,False,False,False,6,2,2011
2011-02-18,12,1,44096.3,False,53.35,3.43,0.0,0.0,0.0,0.0,0.0,127.99525,14.021,B,112238,False,False,False,False,7,2,2011
2011-02-18,12,2,75445.36,False,53.35,3.43,0.0,0.0,0.0,0.0,0.0,127.99525,14.021,B,112238,False,False,False,False,7,2,2011
2011-02-18,12,3,13860.49,False,53.35,3.43,0.0,0.0,0.0,0.0,0.0,127.99525,14.021,B,112238,False,False,False,False,7,2,2011
2011-02-18,12,4,27400.21,False,53.35,3.43,0.0,0.0,0.0,0.0,0.0,127.99525,14.021,B,112238,False,False,False,False,7,2,2011
2011-02-18,12,5,30921.83,False,53.35,3.43,0.0,0.0,0.0,0.0,0.0,127.99525,14.021,B,112238,False,False,False,False,7,2,2011
2011-02-18,12,6,9850.16,False,53.35,3.43,0.0,0.0,0.0,0.0,0.0,127.99525,14.021,B,112238,False,False,False,False,7,2,2011
2011-02-18,12,7,27895.38,False,53.35,3.43,0.0,0.0,0.0,0.0,0.0,127.99525,14.021,B,112238,False,False,False,False,7,2,2011
2011-02-18,12,8,42286.44,False,53.35,3.43,0.0,0.0,0.0,0.0,0.0,127.99525,14.021,B,112238,False,False,False,False,7,2,2011
2011-02-18,12,9,18950.8,False,53.35,3.43,0.0,0.0,0.0,0.0,0.0,127.99525,14.021,B,112238,False,False,False,False,7,2,2011
2011-02-25,12,1,13261.69,False,48.45,3.53,0.0,0.0,0.0,0.0,0.0,128.13,14.021,B,112238,False,False,False,False,8,2,2011
2011-02-25,12,2,76208.06,False,48.45,3.53,0.0,0.0,0.0,0.0,0.0,128.13,14.021,B,112238,False,False,False,False,8,2,2011
2011-02-25,12,3,14500.45,False,48.45,3.53,0.0,0.0,0.0,0.0,0.0,128.13,14.021,B,112238,False,False,False,False,8,2,2011
2011-02-25,12,4,28643.4,False,48.45,3.53,0.0,0.0,0.0,0.0,0.0,128.13,14.021,B,112238,False,False,False,False,8,2,2011
2011-02-25,12,5,35135.49,False,48.45,3.53,0.0,0.0,0.0,0.0,0.0,128.13,14.021,B,112238,False,False,False,False,8,2,2011
2011-02-25,12,6,7296.39,False,48.45,3.53,0.0,0.0,0.0,0.0,0.0,128.13,14.021,B,112238,False,False,False,False,8,2,2011
2011-02-25,12,7,28017.54,False,48.45,3.53,0.0,0.0,0.0,0.0,0.0,128.13,14.021,B,112238,False,False,False,False,8,2,2011
2011-02-25,12,8,43702.9,False,48.45,3.53,0.0,0.0,0.0,0.0,0.0,128.13,14.021,B,112238,False,False,False,False,8,2,2011
2011-02-25,12,9,18904.33,False,48.45,3.53,0.0,0.0,0.0,0.0,0.0,128.13,14.021,B,112238,False,False,False,False,8,2,2011
2011-03-04,12,1,15065.62,False,51.72,3.674,0.0,0.0,0.0,0.0,0.0,128.26475,14.021,B,112238,False,False,False,False,9,3,2011
2011-03-04,12,2,77946.44,False,51.72,3.674,0.0,0.0,0.0,0.0,0.0,128.26475,14.021,B,112238,False,False,False,False,9,3,2011
2011-03-04,12,3,13700.82,False,51.72,3.674,0.0,0.0,0.0,0.0,0.0,128.26475,14.021,B,112238,False,False,False,False,9,3,2011
2011-03-04,12,4,30732.89,False,51.72,3.674,0.0,0.0,0.0,0.0,0.0,128.26475,14.021,B,112238,False,False,False,False,9,3,2011
2011-03-04,12,5,32578.83,False,51.72,3.674,0.0,0.0,0.0,0.0,0.0,128.26475,14.021,B,112238,False,False,False,False,9,3,2011
2011-03-04,12,6,8337.55,False,51.72,3.674,0.0,0.0,0.0,0.0,0.0,128.26475,14.021,B,112238,False,False,False,False,9,3,2011
2011-03-04,12,7,26723.68,False,51.72,3.674,0.0,0.0,0.0,0.0,0.0,128.26475,14.021,B,112238,False,False,False,False,9,3,2011
2011-03-04,12,8,46542.56,False,51.72,3.674,0.0,0.0,0.0,0.0,0.0,128.26475,14.021,B,112238,False,False,False,False,9,3,2011
2011-03-04,12,9,20457.55,False,51.72,3.674,0.0,0.0,0.0,0.0,0.0,128.26475,14.021,B,112238,False,False,False,False,9,3,2011
2011-03-11,12,1,14361.21,False,57.75,3.818,0.0,0.0,0.0,0.0,0.0,128.3995,14.021,B,112238,False,False,False,False,10,3,2011
2011-03-11,12,2,74190.3,False,57.75,3.818,0.0,0.0,0.0,0.0,0.0,128.3995,14.021,B,112238,False,False,False,False,10,3,2011
2011-03-11,12,3,12225.28,False,57.75,3.818,0.0,0.0,0.0,0.0,0.0,128.3995,14.021,B,112238,False,False,False,False,10,3,2011
2011-03-11,12,4,28373.66,False,57.75,3.818,0.0,0.0,0.0,0.0,0.0,128.3995,14.021,B,112238,False,False,False,False,10,3,2011
2011-03-11,12,5,29627.06,False,57.75,3.818,0.0,0.0,0.0,0.0,0.0,128.3995,14.021,B,112238,False,False,False,False,10,3,2011
2011-03-11,12,6,4878.58,False,57.75,3.818,0.0,0.0,0.0,0.0,0.0,128.3995,14.021,B,112238,False,False,False,False,10,3,2011
2011-03-11,12,7,26709.16,False,57.75,3.818,0.0,0.0,0.0,0.0,0.0,128.3995,14.021,B,112238,False,False,False,False,10,3,2011
2011-03-11,12,8,42159.25,False,57.75,3.818,0.0,0.0,0.0,0.0,0.0,128.3995,14.021,B,112238,False,False,False,False,10,3,2011
2011-03-11,12,9,23465.74,False,57.75,3.818,0.0,0.0,0.0,0.0,0.0,128.3995,14.021,B,112238,False,False,False,False,10,3,2011
2011-03-18,12,1,14205.71,False,64.21,3.692,0.0,0.0,0.0,0.0,0.0,128.5121935,14.021,B,112238,False,False,False,False,11,3,2011
2011-03-18,12,2,74730.19,False,64.21,3.692,0.0,0.0,0.0,0.0,0.0,128.5121935,14.021,B,112238,False,False,False,False,11,3,2011
2011-03-18,12,3,13390.74,False,64.21,3.692,0.0,0.0,0.0,0.0,0.0,128.5121935,14.021,B,112238,False,False,False,False,11,3,2011
2011-03-18,12,4,27625.04,False,64.21,3.692,0.0,0.0,0.0,0.0,0.0,128.5121935,14.021,B,112238,False,False,False,False,11,3,2011
2011-03-18,12,5,25460.86,False,64.21,3.692,0.0,0.0,0.0,0.0,0.0,128.5121935,14.021,B,112238,False,False,False,False,11,3,2011
2011-03-18,12,6,4892.6,False,64.21,3.692,0.0,0.0,0.0,0.0,0.0,128.5121935,14.021,B,112238,False,False,False,False,11,3,2011
2011-03-18,12,7,29293.14,False,64.21,3.692,0.0,0.0,0.0,0.0,0.0,128.5121935,14.021,B,112238,False,False,False,False,11,3,2011
2011-03-18,12,8,41514.09,False,64.21,3.692,0.0,0.0,0.0,0.0,0.0,128.5121935,14.021,B,112238,False,False,False,False,11,3,2011
2011-03-18,12,9,22813.65,False,64.21,3.692,0.0,0.0,0.0,0.0,0.0,128.5121935,14.021,B,112238,False,False,False,False,11,3,2011
2011-03-25,12,1,14806.91,False,54.4,3.909,0.0,0.0,0.0,0.0,0.0,128.6160645,14.021,B,112238,False,False,False,False,12,3,2011
2011-03-25,12,2,71577.8,False,54.4,3.909,0.0,0.0,0.0,0.0,0.0,128.6160645,14.021,B,112238,False,False,False,False,12,3,2011
2011-03-25,12,3,12644.74,False,54.4,3.909,0.0,0.0,0.0,0.0,0.0,128.6160645,14.021,B,112238,False,False,False,False,12,3,2011
2011-03-25,12,4,26300.86,False,54.4,3.909,0.0,0.0,0.0,0.0,0.0,128.6160645,14.021,B,112238,False,False,False,False,12,3,2011
2011-03-25,12,5,26606.93,False,54.4,3.909,0.0,0.0,0.0,0.0,0.0,128.6160645,14.021,B,112238,False,False,False,False,12,3,2011
2011-03-25,12,6,8334.07,False,54.4,3.909,0.0,0.0,0.0,0.0,0.0,128.6160645,14.021,B,112238,False,False,False,False,12,3,2011
2011-03-25,12,7,26414.64,False,54.4,3.909,0.0,0.0,0.0,0.0,0.0,128.6160645,14.021,B,112238,False,False,False,False,12,3,2011
2011-03-25,12,8,41937.91,False,54.4,3.909,0.0,0.0,0.0,0.0,0.0,128.6160645,14.021,B,112238,False,False,False,False,12,3,2011
2011-03-25,12,9,19612.37,False,54.4,3.909,0.0,0.0,0.0,0.0,0.0,128.6160645,14.021,B,112238,False,False,False,False,12,3,2011
2011-04-01,12,1,15145.09,False,63.63,3.772,0.0,0.0,0.0,0.0,0.0,128.7199355,13.736,B,112238,False,False,False,False,13,4,2011
2011-04-01,12,2,76247.12,False,63.63,3.772,0.0,0.0,0.0,0.0,0.0,128.7199355,13.736,B,112238,False,False,False,False,13,4,2011
2011-04-01,12,3,12844.73,False,63.63,3.772,0.0,0.0,0.0,0.0,0.0,128.7199355,13.736,B,112238,False,False,False,False,13,4,2011
2011-04-01,12,4,28856.32,False,63.63,3.772,0.0,0.0,0.0,0.0,0.0,128.7199355,13.736,B,112238,False,False,False,False,13,4,2011
2011-04-01,12,5,30189.35,False,63.63,3.772,0.0,0.0,0.0,0.0,0.0,128.7199355,13.736,B,112238,False,False,False,False,13,4,2011
2011-04-01,12,6,9955.58,False,63.63,3.772,0.0,0.0,0.0,0.0,0.0,128.7199355,13.736,B,112238,False,False,False,False,13,4,2011
2011-04-01,12,7,30702.49,False,63.63,3.772,0.0,0.0,0.0,0.0,0.0,128.7199355,13.736,B,112238,False,False,False,False,13,4,2011
2011-04-01,12,8,43725.31,False,63.63,3.772,0.0,0.0,0.0,0.0,0.0,128.7199355,13.736,B,112238,False,False,False,False,13,4,2011
2011-04-01,12,9,22605.01,False,63.63,3.772,0.0,0.0,0.0,0.0,0.0,128.7199355,13.736,B,112238,False,False,False,False,13,4,2011
2011-04-08,12,1,15928.24,False,64.47,4.003,0.0,0.0,0.0,0.0,0.0,128.8238065,13.736,B,112238,False,False,False,False,14,4,2011
2011-04-08,12,2,74872.99,False,64.47,4.003,0.0,0.0,0.0,0.0,0.0,128.8238065,13.736,B,112238,False,False,False,False,14,4,2011
2011-04-08,12,3,14663.75,False,64.47,4.003,0.0,0.0,0.0,0.0,0.0,128.8238065,13.736,B,112238,False,False,False,False,14,4,2011
2011-04-08,12,4,27764.41,False,64.47,4.003,0.0,0.0,0.0,0.0,0.0,128.8238065,13.736,B,112238,False,False,False,False,14,4,2011
2011-04-08,12,5,27858.5,False,64.47,4.003,0.0,0.0,0.0,0.0,0.0,128.8238065,13.736,B,112238,False,False,False,False,14,4,2011
2011-04-08,12,6,6560.8,False,64.47,4.003,0.0,0.0,0.0,0.0,0.0,128.8238065,13.736,B,112238,False,False,False,False,14,4,2011
2011-04-08,12,7,25410.44,False,64.47,4.003,0.0,0.0,0.0,0.0,0.0,128.8238065,13.736,B,112238,False,False,False,False,14,4,2011
2011-04-08,12,8,43553.16,False,64.47,4.003,0.0,0.0,0.0,0.0,0.0,128.8238065,13.736,B,112238,False,False,False,False,14,4,2011
2011-04-08,12,9,19873.04,False,64.47,4.003,0.0,0.0,0.0,0.0,0.0,128.8238065,13.736,B,112238,False,False,False,False,14,4,2011
2011-04-15,12,1,20872.07,False,57.63,3.868,0.0,0.0,0.0,0.0,0.0,128.9107333,13.736,B,112238,False,False,False,False,15,4,2011
2011-04-15,12,2,75275.96,False,57.63,3.868,0.0,0.0,0.0,0.0,0.0,128.9107333,13.736,B,112238,False,False,False,False,15,4,2011
2011-04-15,12,3,13159.49,False,57.63,3.868,0.0,0.0,0.0,0.0,0.0,128.9107333,13.736,B,112238,False,False,False,False,15,4,2011
2011-04-15,12,4,26344.98,False,57.63,3.868,0.0,0.0,0.0,0.0,0.0,128.9107333,13.736,B,112238,False,False,False,False,15,4,2011
2011-04-15,12,5,26510.08,False,57.63,3.868,0.0,0.0,0.0,0.0,0.0,128.9107333,13.736,B,112238,False,False,False,False,15,4,2011
2011-04-15,12,6,8604.33,False,57.63,3.868,0.0,0.0,0.0,0.0,0.0,128.9107333,13.736,B,112238,False,False,False,False,15,4,2011
2011-04-15,12,7,29052.34,False,57.63,3.868,0.0,0.0,0.0,0.0,0.0,128.9107333,13.736,B,112238,False,False,False,False,15,4,2011
2011-04-15,12,8,43587.87,False,57.63,3.868,0.0,0.0,0.0,0.0,0.0,128.9107333,13.736,B,112238,False,False,False,False,15,4,2011
2011-04-15,12,9,22330.77,False,57.63,3.868,0.0,0.0,0.0,0.0,0.0,128.9107333,13.736,B,112238,False,False,False,False,15,4,2011
2011-04-22,12,1,37816.36,False,72.12,4.134,0.0,0.0,0.0,0.0,0.0,128.9553,13.736,B,112238,False,False,False,False,16,4,2011
2011-04-22,12,2,73053.66,False,72.12,4.134,0.0,0.0,0.0,0.0,0.0,128.9553,13.736,B,112238,False,False,False,False,16,4,2011
2011-04-22,12,3,9470.56,False,72.12,4.134,0.0,0.0,0.0,0.0,0.0,128.9553,13.736,B,112238,False,False,False,False,16,4,2011
2011-04-22,12,4,25729.28,False,72.12,4.134,0.0,0.0,0.0,0.0,0.0,128.9553,13.736,B,112238,False,False,False,False,16,4,2011
2011-04-22,12,5,23195.42,False,72.12,4.134,0.0,0.0,0.0,0.0,0.0,128.9553,13.736,B,112238,False,False,False,False,16,4,2011
2011-04-22,12,6,7975.72,False,72.12,4.134,0.0,0.0,0.0,0.0,0.0,128.9553,13.736,B,112238,False,False,False,False,16,4,2011
2011-04-22,12,7,37059.48,False,72.12,4.134,0.0,0.0,0.0,0.0,0.0,128.9553,13.736,B,112238,False,False,False,False,16,4,2011
2011-04-22,12,8,41648.73,False,72.12,4.134,0.0,0.0,0.0,0.0,0.0,128.9553,13.736,B,112238,False,False,False,False,16,4,2011
2011-04-22,12,9,28910.95,False,72.12,4.134,0.0,0.0,0.0,0.0,0.0,128.9553,13.736,B,112238,False,False,False,False,16,4,2011
2011-04-29,12,1,43414.94,False,68.27,4.151,0.0,0.0,0.0,0.0,0.0,128.9998667,13.736,B,112238,False,False,False,False,17,4,2011
2011-04-29,12,2,73378.45,False,68.27,4.151,0.0,0.0,0.0,0.0,0.0,128.9998667,13.736,B,112238,False,False,False,False,17,4,2011
2011-04-29,12,3,12372.81,False,68.27,4.151,0.0,0.0,0.0,0.0,0.0,128.9998667,13.736,B,112238,False,False,False,False,17,4,2011
2011-04-29,12,4,26967.74,False,68.27,4.151,0.0,0.0,0.0,0.0,0.0,128.9998667,13.736,B,112238,False,False,False,False,17,4,2011
2011-04-29,12,5,22115.36,False,68.27,4.151,0.0,0.0,0.0,0.0,0.0,128.9998667,13.736,B,112238,False,False,False,False,17,4,2011
2011-04-29,12,6,7202.3,False,68.27,4.151,0.0,0.0,0.0,0.0,0.0,128.9998667,13.736,B,112238,False,False,False,False,17,4,2011
2011-04-29,12,7,35644.03,False,68.27,4.151,0.0,0.0,0.0,0.0,0.0,128.9998667,13.736,B,112238,False,False,False,False,17,4,2011
2011-04-29,12,8,40912.47,False,68.27,4.151,0.0,0.0,0.0,0.0,0.0,128.9998667,13.736,B,112238,False,False,False,False,17,4,2011
2011-04-29,12,9,21849.83,False,68.27,4.151,0.0,0.0,0.0,0.0,0.0,128.9998667,13.736,B,112238,False,False,False,False,17,4,2011
2011-05-06,12,1,12449.32,False,68.4,4.193,0.0,0.0,0.0,0.0,0.0,129.0444333,13.736,B,112238,False,False,False,False,18,5,2011
2011-05-06,12,2,77753.72,False,68.4,4.193,0.0,0.0,0.0,0.0,0.0,129.0444333,13.736,B,112238,False,False,False,False,18,5,2011
2011-05-06,12,3,12120.5,False,68.4,4.193,0.0,0.0,0.0,0.0,0.0,129.0444333,13.736,B,112238,False,False,False,False,18,5,2011
2011-05-06,12,4,30368.77,False,68.4,4.193,0.0,0.0,0.0,0.0,0.0,129.0444333,13.736,B,112238,False,False,False,False,18,5,2011
2011-05-06,12,5,20751.1,False,68.4,4.193,0.0,0.0,0.0,0.0,0.0,129.0444333,13.736,B,112238,False,False,False,False,18,5,2011
2011-05-06,12,6,7694.68,False,68.4,4.193,0.0,0.0,0.0,0.0,0.0,129.0444333,13.736,B,112238,False,False,False,False,18,5,2011
2011-05-06,12,7,26907.7,False,68.4,4.193,0.0,0.0,0.0,0.0,0.0,129.0444333,13.736,B,112238,False,False,False,False,18,5,2011
2011-05-06,12,8,43472.12,False,68.4,4.193,0.0,0.0,0.0,0.0,0.0,129.0444333,13.736,B,112238,False,False,False,False,18,5,2011
2011-05-06,12,9,21468.85,False,68.4,4.193,0.0,0.0,0.0,0.0,0.0,129.0444333,13.736,B,112238,False,False,False,False,18,5,2011
2011-05-13,12,1,12711.41,False,70.93,4.202,0.0,0.0,0.0,0.0,0.0,129.089,13.736,B,112238,False,False,False,False,19,5,2011
2011-05-13,12,2,75184.6,False,70.93,4.202,0.0,0.0,0.0,0.0,0.0,129.089,13.736,B,112238,False,False,False,False,19,5,2011
2011-05-13,12,3,11816.0,False,70.93,4.202,0.0,0.0,0.0,0.0,0.0,129.089,13.736,B,112238,False,False,False,False,19,5,2011
2011-05-13,12,4,26445.43,False,70.93,4.202,0.0,0.0,0.0,0.0,0.0,129.089,13.736,B,112238,False,False,False,False,19,5,2011
2011-05-13,12,5,16621.41,False,70.93,4.202,0.0,0.0,0.0,0.0,0.0,129.089,13.736,B,112238,False,False,False,False,19,5,2011
2011-05-13,12,6,8947.77,False,70.93,4.202,0.0,0.0,0.0,0.0,0.0,129.089,13.736,B,112238,False,False,False,False,19,5,2011
2011-05-13,12,7,27243.48,False,70.93,4.202,0.0,0.0,0.0,0.0,0.0,129.089,13.736,B,112238,False,False,False,False,19,5,2011
2011-05-13,12,8,40034.76,False,70.93,4.202,0.0,0.0,0.0,0.0,0.0,129.089,13.736,B,112238,False,False,False,False,19,5,2011
2011-05-13,12,9,20516.58,False,70.93,4.202,0.0,0.0,0.0,0.0,0.0,129.089,13.736,B,112238,False,False,False,False,19,5,2011
2011-05-20,12,1,12567.35,False,66.59,4.169,0.0,0.0,0.0,0.0,0.0,129.0756774,13.736,B,112238,False,False,False,False,20,5,2011
2011-05-20,12,2,74696.05,False,66.59,4.169,0.0,0.0,0.0,0.0,0.0,129.0756774,13.736,B,112238,False,False,False,False,20,5,2011
2011-05-20,12,3,11056.02,False,66.59,4.169,0.0,0.0,0.0,0.0,0.0,129.0756774,13.736,B,112238,False,False,False,False,20,5,2011
2011-05-20,12,4,26625.58,False,66.59,4.169,0.0,0.0,0.0,0.0,0.0,129.0756774,13.736,B,112238,False,False,False,False,20,5,2011
2011-05-20,12,5,21913.48,False,66.59,4.169,0.0,0.0,0.0,0.0,0.0,129.0756774,13.736,B,112238,False,False,False,False,20,5,2011
2011-05-20,12,6,7733.74,False,66.59,4.169,0.0,0.0,0.0,0.0,0.0,129.0756774,13.736,B,112238,False,False,False,False,20,5,2011
2011-05-20,12,7,24860.55,False,66.59,4.169,0.0,0.0,0.0,0.0,0.0,129.0756774,13.736,B,112238,False,False,False,False,20,5,2011
2011-05-20,12,8,39780.44,False,66.59,4.169,0.0,0.0,0.0,0.0,0.0,129.0756774,13.736,B,112238,False,False,False,False,20,5,2011
2011-05-20,12,9,19862.11,False,66.59,4.169,0.0,0.0,0.0,0.0,0.0,129.0756774,13.736,B,112238,False,False,False,False,20,5,2011
2011-05-27,12,1,11502.03,False,76.67,4.087,0.0,0.0,0.0,0.0,0.0,129.0623548,13.736,B,112238,False,False,False,False,21,5,2011
2011-05-27,12,2,72684.11,False,76.67,4.087,0.0,0.0,0.0,0.0,0.0,129.0623548,13.736,B,112238,False,False,False,False,21,5,2011
2011-05-27,12,3,10943.66,False,76.67,4.087,0.0,0.0,0.0,0.0,0.0,129.0623548,13.736,B,112238,False,False,False,False,21,5,2011
2011-05-27,12,4,26575.05,False,76.67,4.087,0.0,0.0,0.0,0.0,0.0,129.0623548,13.736,B,112238,False,False,False,False,21,5,2011
2011-05-27,12,5,21265.85,False,76.67,4.087,0.0,0.0,0.0,0.0,0.0,129.0623548,13.736,B,112238,False,False,False,False,21,5,2011
2011-05-27,12,6,7305.16,False,76.67,4.087,0.0,0.0,0.0,0.0,0.0,129.0623548,13.736,B,112238,False,False,False,False,21,5,2011
2011-05-27,12,7,27826.42,False,76.67,4.087,0.0,0.0,0.0,0.0,0.0,129.0623548,13.736,B,112238,False,False,False,False,21,5,2011
2011-05-27,12,8,41391.92,False,76.67,4.087,0.0,0.0,0.0,0.0,0.0,129.0623548,13.736,B,112238,False,False,False,False,21,5,2011
2011-05-27,12,9,23923.44,False,76.67,4.087,0.0,0.0,0.0,0.0,0.0,129.0623548,13.736,B,112238,False,False,False,False,21,5,2011
2011-06-03,12,1,12013.41,False,71.81,4.031,0.0,0.0,0.0,0.0,0.0,129.0490323,13.736,B,112238,False,False,False,False,22,6,2011
2011-06-03,12,2,77121.05,False,71.81,4.031,0.0,0.0,0.0,0.0,0.0,129.0490323,13.736,B,112238,False,False,False,False,22,6,2011
2011-06-03,12,3,9539.32,False,71.81,4.031,0.0,0.0,0.0,0.0,0.0,129.0490323,13.736,B,112238,False,False,False,False,22,6,2011
2011-06-03,12,4,28288.94,False,71.81,4.031,0.0,0.0,0.0,0.0,0.0,129.0490323,13.736,B,112238,False,False,False,False,22,6,2011
2011-06-03,12,5,22648.67,False,71.81,4.031,0.0,0.0,0.0,0.0,0.0,129.0490323,13.736,B,112238,False,False,False,False,22,6,2011
2011-06-03,12,6,8245.91,False,71.81,4.031,0.0,0.0,0.0,0.0,0.0,129.0490323,13.736,B,112238,False,False,False,False,22,6,2011
2011-06-03,12,7,29471.26,False,71.81,4.031,0.0,0.0,0.0,0.0,0.0,129.0490323,13.736,B,112238,False,False,False,False,22,6,2011
2011-06-03,12,8,42264.56,False,71.81,4.031,0.0,0.0,0.0,0.0,0.0,129.0490323,13.736,B,112238,False,False,False,False,22,6,2011
2011-06-03,12,9,23236.48,False,71.81,4.031,0.0,0.0,0.0,0.0,0.0,129.0490323,13.736,B,112238,False,False,False,False,22,6,2011
2011-06-10,12,1,13825.52,False,78.72,3.981,0.0,0.0,0.0,0.0,0.0,129.0357097,13.736,B,112238,False,False,False,False,23,6,2011
2011-06-10,12,2,77511.67,False,78.72,3.981,0.0,0.0,0.0,0.0,0.0,129.0357097,13.736,B,112238,False,False,False,False,23,6,2011
2011-06-10,12,3,10429.85,False,78.72,3.981,0.0,0.0,0.0,0.0,0.0,129.0357097,13.736,B,112238,False,False,False,False,23,6,2011
2011-06-10,12,4,27745.58,False,78.72,3.981,0.0,0.0,0.0,0.0,0.0,129.0357097,13.736,B,112238,False,False,False,False,23,6,2011
2011-06-10,12,5,22262.72,False,78.72,3.981,0.0,0.0,0.0,0.0,0.0,129.0357097,13.736,B,112238,False,False,False,False,23,6,2011
2011-06-10,12,6,9487.86,False,78.72,3.981,0.0,0.0,0.0,0.0,0.0,129.0357097,13.736,B,112238,False,False,False,False,23,6,2011
2011-06-10,12,7,32819.98,False,78.72,3.981,0.0,0.0,0.0,0.0,0.0,129.0357097,13.736,B,112238,False,False,False,False,23,6,2011
2011-06-10,12,8,43287.84,False,78.72,3.981,0.0,0.0,0.0,0.0,0.0,129.0357097,13.736,B,112238,False,False,False,False,23,6,2011
2011-06-10,12,9,22953.1,False,78.72,3.981,0.0,0.0,0.0,0.0,0.0,129.0357097,13.736,B,112238,False,False,False,False,23,6,2011
2011-06-17,12,1,11548.37,False,86.84,3.935,0.0,0.0,0.0,0.0,0.0,129.0432,13.736,B,112238,False,False,False,False,24,6,2011
2011-06-17,12,2,75804.58,False,86.84,3.935,0.0,0.0,0.0,0.0,0.0,129.0432,13.736,B,112238,False,False,False,False,24,6,2011
2011-06-17,12,3,9736.77,False,86.84,3.935,0.0,0.0,0.0,0.0,0.0,129.0432,13.736,B,112238,False,False,False,False,24,6,2011
2011-06-17,12,4,26120.37,False,86.84,3.935,0.0,0.0,0.0,0.0,0.0,129.0432,13.736,B,112238,False,False,False,False,24,6,2011
2011-06-17,12,5,20491.54,False,86.84,3.935,0.0,0.0,0.0,0.0,0.0,129.0432,13.736,B,112238,False,False,False,False,24,6,2011
2011-06-17,12,6,8573.94,False,86.84,3.935,0.0,0.0,0.0,0.0,0.0,129.0432,13.736,B,112238,False,False,False,False,24,6,2011
2011-06-17,12,7,36715.99,False,86.84,3.935,0.0,0.0,0.0,0.0,0.0,129.0432,13.736,B,112238,False,False,False,False,24,6,2011
2011-06-17,12,8,40974.76,False,86.84,3.935,0.0,0.0,0.0,0.0,0.0,129.0432,13.736,B,112238,False,False,False,False,24,6,2011
2011-06-17,12,9,25526.71,False,86.84,3.935,0.0,0.0,0.0,0.0,0.0,129.0432,13.736,B,112238,False,False,False,False,24,6,2011
2011-06-24,12,1,10746.61,False,88.95,3.898,0.0,0.0,0.0,0.0,0.0,129.0663,13.736,B,112238,False,False,False,False,25,6,2011
2011-06-24,12,2,73040.76,False,88.95,3.898,0.0,0.0,0.0,0.0,0.0,129.0663,13.736,B,112238,False,False,False,False,25,6,2011
2011-06-24,12,3,8939.95,False,88.95,3.898,0.0,0.0,0.0,0.0,0.0,129.0663,13.736,B,112238,False,False,False,False,25,6,2011
2011-06-24,12,4,24578.11,False,88.95,3.898,0.0,0.0,0.0,0.0,0.0,129.0663,13.736,B,112238,False,False,False,False,25,6,2011
2011-06-24,12,5,23839.77,False,88.95,3.898,0.0,0.0,0.0,0.0,0.0,129.0663,13.736,B,112238,False,False,False,False,25,6,2011
2011-06-24,12,6,7778.73,False,88.95,3.898,0.0,0.0,0.0,0.0,0.0,129.0663,13.736,B,112238,False,False,False,False,25,6,2011
2011-06-24,12,7,32670.24,False,88.95,3.898,0.0,0.0,0.0,0.0,0.0,129.0663,13.736,B,112238,False,False,False,False,25,6,2011
2011-06-24,12,8,43390.29,False,88.95,3.898,0.0,0.0,0.0,0.0,0.0,129.0663,13.736,B,112238,False,False,False,False,25,6,2011
2011-06-24,12,9,26642.04,False,88.95,3.898,0.0,0.0,0.0,0.0,0.0,129.0663,13.736,B,112238,False,False,False,False,25,6,2011
2011-07-01,12,1,11404.93,False,89.85,3.842,0.0,0.0,0.0,0.0,0.0,129.0894,13.503,B,112238,False,False,False,False,26,7,2011
2011-07-01,12,2,73940.21,False,89.85,3.842,0.0,0.0,0.0,0.0,0.0,129.0894,13.503,B,112238,False,False,False,False,26,7,2011
2011-07-01,12,3,8751.34,False,89.85,3.842,0.0,0.0,0.0,0.0,0.0,129.0894,13.503,B,112238,False,False,False,False,26,7,2011
2011-07-01,12,4,26920.19,False,89.85,3.842,0.0,0.0,0.0,0.0,0.0,129.0894,13.503,B,112238,False,False,False,False,26,7,2011
2011-07-01,12,5,21419.34,False,89.85,3.842,0.0,0.0,0.0,0.0,0.0,129.0894,13.503,B,112238,False,False,False,False,26,7,2011
2011-07-01,12,6,5657.14,False,89.85,3.842,0.0,0.0,0.0,0.0,0.0,129.0894,13.503,B,112238,False,False,False,False,26,7,2011
2011-07-01,12,7,31579.38,False,89.85,3.842,0.0,0.0,0.0,0.0,0.0,129.0894,13.503,B,112238,False,False,False,False,26,7,2011
2011-07-01,12,8,41853.7,False,89.85,3.842,0.0,0.0,0.0,0.0,0.0,129.0894,13.503,B,112238,False,False,False,False,26,7,2011
2011-07-01,12,9,26677.35,False,89.85,3.842,0.0,0.0,0.0,0.0,0.0,129.0894,13.503,B,112238,False,False,False,False,26,7,2011
2011-07-08,12,1,11555.05,False,89.9,3.705,0.0,0.0,0.0,0.0,0.0,129.1125,13.503,B,112238,False,False,False,False,27,7,2011
2011-07-08,12,2,76780.0,False,89.9,3.705,0.0,0.0,0.0,0.0,0.0,129.1125,13.503,B,112238,False,False,False,False,27,7,2011
2011-07-08,12,3,9130.93,False,89.9,3.705,0.0,0.0,0.0,0.0,0.0,129.1125,13.503,B,112238,False,False,False,False,27,7,2011
2011-07-08,12,4,28352.04,False,89.9,3.705,0.0,0.0,0.0,0.0,0.0,129.1125,13.503,B,112238,False,False,False,False,27,7,2011
2011-07-08,12,5,19886.65,False,89.9,3.705,0.0,0.0,0.0,0.0,0.0,129.1125,13.503,B,112238,False,False,False,False,27,7,2011
2011-07-08,12,6,6740.66,False,89.9,3.705,0.0,0.0,0.0,0.0,0.0,129.1125,13.503,B,112238,False,False,False,False,27,7,2011
2011-07-08,12,7,32218.88,False,89.9,3.705,0.0,0.0,0.0,0.0,0.0,129.1125,13.503,B,112238,False,False,False,False,27,7,2011
2011-07-08,12,8,41620.72,False,89.9,3.705,0.0,0.0,0.0,0.0,0.0,129.1125,13.503,B,112238,False,False,False,False,27,7,2011
2011-07-08,12,9,24250.48,False,89.9,3.705,0.0,0.0,0.0,0.0,0.0,129.1125,13.503,B,112238,False,False,False,False,27,7,2011
2011-07-15,12,1,12282.31,False,88.1,3.692,0.0,0.0,0.0,0.0,0.0,129.1338387,13.503,B,112238,False,False,False,False,28,7,2011
2011-07-15,12,2,75649.5,False,88.1,3.692,0.0,0.0,0.0,0.0,0.0,129.1338387,13.503,B,112238,False,False,False,False,28,7,2011
2011-07-15,12,3,10549.44,False,88.1,3.692,0.0,0.0,0.0,0.0,0.0,129.1338387,13.503,B,112238,False,False,False,False,28,7,2011
2011-07-15,12,4,25957.08,False,88.1,3.692,0.0,0.0,0.0,0.0,0.0,129.1338387,13.503,B,112238,False,False,False,False,28,7,2011
2011-07-15,12,5,20833.06,False,88.1,3.692,0.0,0.0,0.0,0.0,0.0,129.1338387,13.503,B,112238,False,False,False,False,28,7,2011
2011-07-15,12,6,7963.67,False,88.1,3.692,0.0,0.0,0.0,0.0,0.0,129.1338387,13.503,B,112238,False,False,False,False,28,7,2011
2011-07-15,12,7,25464.09,False,88.1,3.692,0.0,0.0,0.0,0.0,0.0,129.1338387,13.503,B,112238,False,False,False,False,28,7,2011
2011-07-15,12,8,42118.75,False,88.1,3.692,0.0,0.0,0.0,0.0,0.0,129.1338387,13.503,B,112238,False,False,False,False,28,7,2011
2011-07-15,12,9,22011.53,False,88.1,3.692,0.0,0.0,0.0,0.0,0.0,129.1338387,13.503,B,112238,False,False,False,False,28,7,2011
2011-07-22,12,1,11777.36,False,91.17,3.794,0.0,0.0,0.0,0.0,0.0,129.1507742,13.503,B,112238,False,False,False,False,29,7,2011
2011-07-22,12,2,73804.53,False,91.17,3.794,0.0,0.0,0.0,0.0,0.0,129.1507742,13.503,B,112238,False,False,False,False,29,7,2011
2011-07-22,12,3,14659.79,False,91.17,3.794,0.0,0.0,0.0,0.0,0.0,129.1507742,13.503,B,112238,False,False,False,False,29,7,2011
2011-07-22,12,4,25508.75,False,91.17,3.794,0.0,0.0,0.0,0.0,0.0,129.1507742,13.503,B,112238,False,False,False,False,29,7,2011
2011-07-22,12,5,21594.62,False,91.17,3.794,0.0,0.0,0.0,0.0,0.0,129.1507742,13.503,B,112238,False,False,False,False,29,7,2011
2011-07-22,12,6,7441.43,False,91.17,3.794,0.0,0.0,0.0,0.0,0.0,129.1507742,13.503,B,112238,False,False,False,False,29,7,2011
2011-07-22,12,7,26645.16,False,91.17,3.794,0.0,0.0,0.0,0.0,0.0,129.1507742,13.503,B,112238,False,False,False,False,29,7,2011
2011-07-22,12,8,41663.63,False,91.17,3.794,0.0,0.0,0.0,0.0,0.0,129.1507742,13.503,B,112238,False,False,False,False,29,7,2011
2011-07-22,12,9,20699.51,False,91.17,3.794,0.0,0.0,0.0,0.0,0.0,129.1507742,13.503,B,112238,False,False,False,False,29,7,2011
2011-07-29,12,1,11225.53,False,93.29,3.805,0.0,0.0,0.0,0.0,0.0,129.1677097,13.503,B,112238,False,False,False,False,30,7,2011
2011-07-29,12,2,71323.69,False,93.29,3.805,0.0,0.0,0.0,0.0,0.0,129.1677097,13.503,B,112238,False,False,False,False,30,7,2011
2011-07-29,12,3,17540.53,False,93.29,3.805,0.0,0.0,0.0,0.0,0.0,129.1677097,13.503,B,112238,False,False,False,False,30,7,2011
2011-07-29,12,4,24199.63,False,93.29,3.805,0.0,0.0,0.0,0.0,0.0,129.1677097,13.503,B,112238,False,False,False,False,30,7,2011
2011-07-29,12,5,18216.12,False,93.29,3.805,0.0,0.0,0.0,0.0,0.0,129.1677097,13.503,B,112238,False,False,False,False,30,7,2011
2011-07-29,12,6,6352.25,False,93.29,3.805,0.0,0.0,0.0,0.0,0.0,129.1677097,13.503,B,112238,False,False,False,False,30,7,2011
2011-07-29,12,7,23791.49,False,93.29,3.805,0.0,0.0,0.0,0.0,0.0,129.1677097,13.503,B,112238,False,False,False,False,30,7,2011
2011-07-29,12,8,39289.57,False,93.29,3.805,0.0,0.0,0.0,0.0,0.0,129.1677097,13.503,B,112238,False,False,False,False,30,7,2011
2011-07-29,12,9,19588.31,False,93.29,3.805,0.0,0.0,0.0,0.0,0.0,129.1677097,13.503,B,112238,False,False,False,False,30,7,2011
2011-08-05,12,1,12641.13,False,90.61,3.803,0.0,0.0,0.0,0.0,0.0,129.1846452,13.503,B,112238,False,False,False,False,31,8,2011
2011-08-05,12,2,78429.24,False,90.61,3.803,0.0,0.0,0.0,0.0,0.0,129.1846452,13.503,B,112238,False,False,False,False,31,8,2011
2011-08-05,12,3,24861.32,False,90.61,3.803,0.0,0.0,0.0,0.0,0.0,129.1846452,13.503,B,112238,False,False,False,False,31,8,2011
2011-08-05,12,4,29006.48,False,90.61,3.803,0.0,0.0,0.0,0.0,0.0,129.1846452,13.503,B,112238,False,False,False,False,31,8,2011
2011-08-05,12,5,25750.36,False,90.61,3.803,0.0,0.0,0.0,0.0,0.0,129.1846452,13.503,B,112238,False,False,False,False,31,8,2011
2011-08-05,12,6,5313.78,False,90.61,3.803,0.0,0.0,0.0,0.0,0.0,129.1846452,13.503,B,112238,False,False,False,False,31,8,2011
2011-08-05,12,7,24830.59,False,90.61,3.803,0.0,0.0,0.0,0.0,0.0,129.1846452,13.503,B,112238,False,False,False,False,31,8,2011
2011-08-05,12,8,43581.2,False,90.61,3.803,0.0,0.0,0.0,0.0,0.0,129.1846452,13.503,B,112238,False,False,False,False,31,8,2011
2011-08-05,12,9,19658.3,False,90.61,3.803,0.0,0.0,0.0,0.0,0.0,129.1846452,13.503,B,112238,False,False,False,False,31,8,2011
2011-08-12,12,1,11881.93,False,91.04,3.701,0.0,0.0,0.0,0.0,0.0,129.2015806,13.503,B,112238,False,False,False,False,32,8,2011
2011-08-12,12,2,73729.52,False,91.04,3.701,0.0,0.0,0.0,0.0,0.0,129.2015806,13.503,B,112238,False,False,False,False,32,8,2011
2011-08-12,12,3,34676.92,False,91.04,3.701,0.0,0.0,0.0,0.0,0.0,129.2015806,13.503,B,112238,False,False,False,False,32,8,2011
2011-08-12,12,4,26468.83,False,91.04,3.701,0.0,0.0,0.0,0.0,0.0,129.2015806,13.503,B,112238,False,False,False,False,32,8,2011
2011-08-12,12,5,23318.78,False,91.04,3.701,0.0,0.0,0.0,0.0,0.0,129.2015806,13.503,B,112238,False,False,False,False,32,8,2011
2011-08-12,12,6,5480.87,False,91.04,3.701,0.0,0.0,0.0,0.0,0.0,129.2015806,13.503,B,112238,False,False,False,False,32,8,2011
2011-08-12,12,7,20298.02,False,91.04,3.701,0.0,0.0,0.0,0.0,0.0,129.2015806,13.503,B,112238,False,False,False,False,32,8,2011
2011-08-12,12,8,41520.03,False,91.04,3.701,0.0,0.0,0.0,0.0,0.0,129.2015806,13.503,B,112238,False,False,False,False,32,8,2011
2011-08-12,12,9,23245.7,False,91.04,3.701,0.0,0.0,0.0,0.0,0.0,129.2015806,13.503,B,112238,False,False,False,False,32,8,2011
2011-08-19,12,1,11333.0,False,91.74,3.743,0.0,0.0,0.0,0.0,0.0,129.2405806,13.503,B,112238,False,False,False,False,33,8,2011
2011-08-19,12,2,74825.6,False,91.74,3.743,0.0,0.0,0.0,0.0,0.0,129.2405806,13.503,B,112238,False,False,False,False,33,8,2011
2011-08-19,12,3,49245.46,False,91.74,3.743,0.0,0.0,0.0,0.0,0.0,129.2405806,13.503,B,112238,False,False,False,False,33,8,2011
2011-08-19,12,4,28049.88,False,91.74,3.743,0.0,0.0,0.0,0.0,0.0,129.2405806,13.503,B,112238,False,False,False,False,33,8,2011
2011-08-19,12,5,19751.27,False,91.74,3.743,0.0,0.0,0.0,0.0,0.0,129.2405806,13.503,B,112238,False,False,False,False,33,8,2011
2011-08-19,12,6,5690.87,False,91.74,3.743,0.0,0.0,0.0,0.0,0.0,129.2405806,13.503,B,112238,False,False,False,False,33,8,2011
2011-08-19,12,7,23051.47,False,91.74,3.743,0.0,0.0,0.0,0.0,0.0,129.2405806,13.503,B,112238,False,False,False,False,33,8,2011
2011-08-19,12,8,40650.78,False,91.74,3.743,0.0,0.0,0.0,0.0,0.0,129.2405806,13.503,B,112238,False,False,False,False,33,8,2011
2011-08-19,12,9,19134.14,False,91.74,3.743,0.0,0.0,0.0,0.0,0.0,129.2405806,13.503,B,112238,False,False,False,False,33,8,2011
2011-08-26,12,1,11479.37,False,94.61,3.74,0.0,0.0,0.0,0.0,0.0,129.2832581,13.503,B,112238,False,False,False,False,34,8,2011
2011-08-26,12,2,76451.8,False,94.61,3.74,0.0,0.0,0.0,0.0,0.0,129.2832581,13.503,B,112238,False,False,False,False,34,8,2011
2011-08-26,12,3,78552.99,False,94.61,3.74,0.0,0.0,0.0,0.0,0.0,129.2832581,13.503,B,112238,False,False,False,False,34,8,2011
2011-08-26,12,4,31516.49,False,94.61,3.74,0.0,0.0,0.0,0.0,0.0,129.2832581,13.503,B,112238,False,False,False,False,34,8,2011
2011-08-26,12,5,18754.72,False,94.61,3.74,0.0,0.0,0.0,0.0,0.0,129.2832581,13.503,B,112238,False,False,False,False,34,8,2011
2011-08-26,12,6,3218.77,False,94.61,3.74,0.0,0.0,0.0,0.0,0.0,129.2832581,13.503,B,112238,False,False,False,False,34,8,2011
2011-08-26,12,7,24327.65,False,94.61,3.74,0.0,0.0,0.0,0.0,0.0,129.2832581,13.503,B,112238,False,False,False,False,34,8,2011
2011-08-26,12,8,41843.2,False,94.61,3.74,0.0,0.0,0.0,0.0,0.0,129.2832581,13.503,B,112238,False,False,False,False,34,8,2011
2011-08-26,12,9,16833.92,False,94.61,3.74,0.0,0.0,0.0,0.0,0.0,129.2832581,13.503,B,112238,False,False,False,False,34,8,2011
2011-09-02,12,1,12405.89,False,93.66,3.798,0.0,0.0,0.0,0.0,0.0,129.3259355,13.503,B,112238,False,False,False,False,35,9,2011
2011-09-02,12,2,83335.24,False,93.66,3.798,0.0,0.0,0.0,0.0,0.0,129.3259355,13.503,B,112238,False,False,False,False,35,9,2011
2011-09-02,12,3,77851.52,False,93.66,3.798,0.0,0.0,0.0,0.0,0.0,129.3259355,13.503,B,112238,False,False,False,False,35,9,2011
2011-09-02,12,4,32514.29,False,93.66,3.798,0.0,0.0,0.0,0.0,0.0,129.3259355,13.503,B,112238,False,False,False,False,35,9,2011
2011-09-02,12,5,17455.34,False,93.66,3.798,0.0,0.0,0.0,0.0,0.0,129.3259355,13.503,B,112238,False,False,False,False,35,9,2011
2011-09-02,12,6,4846.51,False,93.66,3.798,0.0,0.0,0.0,0.0,0.0,129.3259355,13.503,B,112238,False,False,False,False,35,9,2011
2011-09-02,12,7,24129.23,False,93.66,3.798,0.0,0.0,0.0,0.0,0.0,129.3259355,13.503,B,112238,False,False,False,False,35,9,2011
2011-09-02,12,8,42604.21,False,93.66,3.798,0.0,0.0,0.0,0.0,0.0,129.3259355,13.503,B,112238,False,False,False,False,35,9,2011
2011-09-02,12,9,14957.03,False,93.66,3.798,0.0,0.0,0.0,0.0,0.0,129.3259355,13.503,B,112238,False,False,False,False,35,9,2011
2011-09-09,12,1,13556.34,True,88.0,3.913,0.0,0.0,0.0,0.0,0.0,129.3686129,13.503,B,112238,False,True,False,False,36,9,2011
2011-09-09,12,2,76787.08,True,88.0,3.913,0.0,0.0,0.0,0.0,0.0,129.3686129,13.503,B,112238,False,True,False,False,36,9,2011
2011-09-09,12,3,23799.74,True,88.0,3.913,0.0,0.0,0.0,0.0,0.0,129.3686129,13.503,B,112238,False,True,False,False,36,9,2011
2011-09-09,12,4,27310.99,True,88.0,3.913,0.0,0.0,0.0,0.0,0.0,129.3686129,13.503,B,112238,False,True,False,False,36,9,2011
2011-09-09,12,5,17409.84,True,88.0,3.913,0.0,0.0,0.0,0.0,0.0,129.3686129,13.503,B,112238,False,True,False,False,36,9,2011
2011-09-09,12,6,5776.83,True,88.0,3.913,0.0,0.0,0.0,0.0,0.0,129.3686129,13.503,B,112238,False,True,False,False,36,9,2011
2011-09-09,12,7,29602.95,True,88.0,3.913,0.0,0.0,0.0,0.0,0.0,129.3686129,13.503,B,112238,False,True,False,False,36,9,2011
2011-09-09,12,8,42381.8,True,88.0,3.913,0.0,0.0,0.0,0.0,0.0,129.3686129,13.503,B,112238,False,True,False,False,36,9,2011
2011-09-09,12,9,18742.39,True,88.0,3.913,0.0,0.0,0.0,0.0,0.0,129.3686129,13.503,B,112238,False,True,False,False,36,9,2011
2011-09-16,12,1,13272.53,False,76.36,3.918,0.0,0.0,0.0,0.0,0.0,129.4306,13.503,B,112238,False,False,False,False,37,9,2011
2011-09-16,12,2,76625.37,False,76.36,3.918,0.0,0.0,0.0,0.0,0.0,129.4306,13.503,B,112238,False,False,False,False,37,9,2011
2011-09-16,12,3,14490.0,False,76.36,3.918,0.0,0.0,0.0,0.0,0.0,129.4306,13.503,B,112238,False,False,False,False,37,9,2011
2011-09-16,12,4,25809.6,False,76.36,3.918,0.0,0.0,0.0,0.0,0.0,129.4306,13.503,B,112238,False,False,False,False,37,9,2011
2011-09-16,12,5,23151.89,False,76.36,3.918,0.0,0.0,0.0,0.0,0.0,129.4306,13.503,B,112238,False,False,False,False,37,9,2011
2011-09-16,12,6,5682.33,False,76.36,3.918,0.0,0.0,0.0,0.0,0.0,129.4306,13.503,B,112238,False,False,False,False,37,9,2011
2011-09-16,12,7,25707.96,False,76.36,3.918,0.0,0.0,0.0,0.0,0.0,129.4306,13.503,B,112238,False,False,False,False,37,9,2011
2011-09-16,12,8,40539.58,False,76.36,3.918,0.0,0.0,0.0,0.0,0.0,129.4306,13.503,B,112238,False,False,False,False,37,9,2011
2011-09-16,12,9,14801.21,False,76.36,3.918,0.0,0.0,0.0,0.0,0.0,129.4306,13.503,B,112238,False,False,False,False,37,9,2011
2011-09-23,12,1,12781.8,False,82.95,3.789,0.0,0.0,0.0,0.0,0.0,129.5183333,13.503,B,112238,False,False,False,False,38,9,2011
2011-09-23,12,2,73208.99,False,82.95,3.789,0.0,0.0,0.0,0.0,0.0,129.5183333,13.503,B,112238,False,False,False,False,38,9,2011
2011-09-23,12,3,13102.46,False,82.95,3.789,0.0,0.0,0.0,0.0,0.0,129.5183333,13.503,B,112238,False,False,False,False,38,9,2011
2011-09-23,12,4,24759.72,False,82.95,3.789,0.0,0.0,0.0,0.0,0.0,129.5183333,13.503,B,112238,False,False,False,False,38,9,2011
2011-09-23,12,5,21310.03,False,82.95,3.789,0.0,0.0,0.0,0.0,0.0,129.5183333,13.503,B,112238,False,False,False,False,38,9,2011
2011-09-23,12,6,4744.44,False,82.95,3.789,0.0,0.0,0.0,0.0,0.0,129.5183333,13.503,B,112238,False,False,False,False,38,9,2011
2011-09-23,12,7,22940.92,False,82.95,3.789,0.0,0.0,0.0,0.0,0.0,129.5183333,13.503,B,112238,False,False,False,False,38,9,2011
2011-09-23,12,8,41749.17,False,82.95,3.789,0.0,0.0,0.0,0.0,0.0,129.5183333,13.503,B,112238,False,False,False,False,38,9,2011
2011-09-23,12,9,15069.34,False,82.95,3.789,0.0,0.0,0.0,0.0,0.0,129.5183333,13.503,B,112238,False,False,False,False,38,9,2011
2011-09-30,12,1,12673.69,False,83.26,3.877,0.0,0.0,0.0,0.0,0.0,129.6060667,13.503,B,112238,False,False,False,False,39,9,2011
2011-09-30,12,2,72323.14,False,83.26,3.877,0.0,0.0,0.0,0.0,0.0,129.6060667,13.503,B,112238,False,False,False,False,39,9,2011
2011-09-30,12,3,12658.93,False,83.26,3.877,0.0,0.0,0.0,0.0,0.0,129.6060667,13.503,B,112238,False,False,False,False,39,9,2011
2011-09-30,12,4,26091.64,False,83.26,3.877,0.0,0.0,0.0,0.0,0.0,129.6060667,13.503,B,112238,False,False,False,False,39,9,2011
2011-09-30,12,5,22449.43,False,83.26,3.877,0.0,0.0,0.0,0.0,0.0,129.6060667,13.503,B,112238,False,False,False,False,39,9,2011
2011-09-30,12,6,5058.99,False,83.26,3.877,0.0,0.0,0.0,0.0,0.0,129.6060667,13.503,B,112238,False,False,False,False,39,9,2011
2011-09-30,12,7,25742.53,False,83.26,3.877,0.0,0.0,0.0,0.0,0.0,129.6060667,13.503,B,112238,False,False,False,False,39,9,2011
2011-09-30,12,8,42102.8,False,83.26,3.877,0.0,0.0,0.0,0.0,0.0,129.6060667,13.503,B,112238,False,False,False,False,39,9,2011
2011-09-30,12,9,16230.34,False,83.26,3.877,0.0,0.0,0.0,0.0,0.0,129.6060667,13.503,B,112238,False,False,False,False,39,9,2011
2011-10-07,12,1,16021.03,False,70.44,3.827,0.0,0.0,0.0,0.0,0.0,129.6938,12.89,B,112238,False,False,False,False,40,10,2011
2011-10-07,12,2,74250.24,False,70.44,3.827,0.0,0.0,0.0,0.0,0.0,129.6938,12.89,B,112238,False,False,False,False,40,10,2011
2011-10-07,12,3,11891.1,False,70.44,3.827,0.0,0.0,0.0,0.0,0.0,129.6938,12.89,B,112238,False,False,False,False,40,10,2011
2011-10-07,12,4,26039.33,False,70.44,3.827,0.0,0.0,0.0,0.0,0.0,129.6938,12.89,B,112238,False,False,False,False,40,10,2011
2011-10-07,12,5,29854.64,False,70.44,3.827,0.0,0.0,0.0,0.0,0.0,129.6938,12.89,B,112238,False,False,False,False,40,10,2011
2011-10-07,12,6,4679.96,False,70.44,3.827,0.0,0.0,0.0,0.0,0.0,129.6938,12.89,B,112238,False,False,False,False,40,10,2011
2011-10-07,12,7,21767.28,False,70.44,3.827,0.0,0.0,0.0,0.0,0.0,129.6938,12.89,B,112238,False,False,False,False,40,10,2011
2011-10-07,12,8,42050.83,False,70.44,3.827,0.0,0.0,0.0,0.0,0.0,129.6938,12.89,B,112238,False,False,False,False,40,10,2011
2011-10-07,12,9,12992.2,False,70.44,3.827,0.0,0.0,0.0,0.0,0.0,129.6938,12.89,B,112238,False,False,False,False,40,10,2011
2011-10-14,12,1,15614.46,False,67.31,3.805,0.0,0.0,0.0,0.0,0.0,129.7706452,12.89,B,112238,False,False,False,False,41,10,2011
2011-10-14,12,2,71607.93,False,67.31,3.805,0.0,0.0,0.0,0.0,0.0,129.7706452,12.89,B,112238,False,False,False,False,41,10,2011
2011-10-14,12,3,11995.7,False,67.31,3.805,0.0,0.0,0.0,0.0,0.0,129.7706452,12.89,B,112238,False,False,False,False,41,10,2011
2011-10-14,12,4,23511.69,False,67.31,3.805,0.0,0.0,0.0,0.0,0.0,129.7706452,12.89,B,112238,False,False,False,False,41,10,2011
2011-10-14,12,5,28153.23,False,67.31,3.805,0.0,0.0,0.0,0.0,0.0,129.7706452,12.89,B,112238,False,False,False,False,41,10,2011
2011-10-14,12,6,5889.15,False,67.31,3.805,0.0,0.0,0.0,0.0,0.0,129.7706452,12.89,B,112238,False,False,False,False,41,10,2011
2011-10-14,12,7,23742.18,False,67.31,3.805,0.0,0.0,0.0,0.0,0.0,129.7706452,12.89,B,112238,False,False,False,False,41,10,2011
2011-10-14,12,8,41582.31,False,67.31,3.805,0.0,0.0,0.0,0.0,0.0,129.7706452,12.89,B,112238,False,False,False,False,41,10,2011
2011-10-14,12,9,13617.69,False,67.31,3.805,0.0,0.0,0.0,0.0,0.0,129.7706452,12.89,B,112238,False,False,False,False,41,10,2011
2011-10-21,12,1,18424.15,False,73.05,3.842,0.0,0.0,0.0,0.0,0.0,129.7821613,12.89,B,112238,False,False,False,False,42,10,2011
2011-10-21,12,2,75099.67,False,73.05,3.842,0.0,0.0,0.0,0.0,0.0,129.7821613,12.89,B,112238,False,False,False,False,42,10,2011
2011-10-21,12,3,11710.61,False,73.05,3.842,0.0,0.0,0.0,0.0,0.0,129.7821613,12.89,B,112238,False,False,False,False,42,10,2011
2011-10-21,12,4,25081.69,False,73.05,3.842,0.0,0.0,0.0,0.0,0.0,129.7821613,12.89,B,112238,False,False,False,False,42,10,2011
2011-10-21,12,5,28099.78,False,73.05,3.842,0.0,0.0,0.0,0.0,0.0,129.7821613,12.89,B,112238,False,False,False,False,42,10,2011
2011-10-21,12,6,7046.43,False,73.05,3.842,0.0,0.0,0.0,0.0,0.0,129.7821613,12.89,B,112238,False,False,False,False,42,10,2011
