Date,Store,Dept,Weekly_Sales,IsHoliday,Temperature,Fuel_Price,MarkDown1,MarkDown2,MarkDown3,MarkDown4,MarkDown5,CPI,Unemployment,Type,Size,Super_Bowl,Labor_Day,Thanksgiving,Christmas,week,month,year
2010-02-05,9,1,12861.4,False,38.01,2.572,0.0,0.0,0.0,0.0,0.0,214.6554591,6.415,B,125833,False,False,False,False,5,2,2010
2010-02-05,9,2,24917.84,False,38.01,2.572,0.0,0.0,0.0,0.0,0.0,214.6554591,6.415,B,125833,False,False,False,False,5,2,2010
2010-02-05,9,3,6733.37,False,38.01,2.572,0.0,0.0,0.0,0.0,0.0,214.6554591,6.415,B,125833,False,False,False,False,5,2,2010
2010-02-05,9,4,17483.9,False,38.01,2.572,0.0,0.0,0.0,0.0,0.0,214.6554591,6.415,B,125833,False,False,False,False,5,2,2010
2010-02-05,9,5,20476.63,False,38.01,2.572,0.0,0.0,0.0,0.0,0.0,214.6554591,6.415,B,125833,False,False,False,False,5,2,2010
2010-02-05,9,6,2314.75,False,38.01,2.572,0.0,0.0,0.0,0.0,0.0,214.6554591,6.415,B,125833,False,False,False,False,5,2,2010
2010-02-05,9,7,11270.52,False,38.01,2.572,0.0,0.0,0.0,0.0,0.0,214.6554591,6.415,B,125833,False,False,False,False,5,2,2010
2010-02-05,9,8,21573.69,False,38.01,2.572,0.0,0.0,0.0,0.0,0.0,214.6554591,6.415,B,125833,False,False,False,False,5,2,2010
2010-02-05,9,9,7245.32,False,38.01,2.572,0.0,0.0,0.0,0.0,0.0,214.6554591,6.415,B,125833,False,False,False,False,5,2,2010
2010-02-05,9,10,11502.28,False,38.01,2.572,0.0,0.0,0.0,0.0,0.0,214.6554591,6.415,B,125833,False,False,False,False,5,2,2010
2010-02-05,9,11,12275.17,False,38.01,2.572,0.0,0.0,0.0,0.0,0.0,214.6554591,6.415,B,125833,False,False,False,False,5,2,2010
2010-02-05,9,12,5874.81,False,38.01,2.572,0.0,0.0,0.0,0.0,0.0,214.6554591,6.415,B,125833,False,False,False,False,5,2,2010
2010-02-05,9,13,24409.97,False,38.01,2.572,0.0,0.0,0.0,0.0,0.0,214.6554591,6.415,B,125833,False,False,False,False,5,2,2010
2010-02-05,9,14,7177.15,False,38.01,2.572,0.0,0.0,0.0,0.0,0.0,214.6554591,6.415,B,125833,False,False,False,False,5,2,2010
2010-02-05,9,16,3859.87,False,38.01,2.572,0.0,0.0,0.0,0.0,0.0,214.6554591,6.415,B,125833,False,False,False,False,5,2,2010
2010-02-05,9,17,4923.52,False,38.01,2.572,0.0,0.0,0.0,0.0,0.0,214.6554591,6.415,B,125833,False,False,False,False,5,2,2010
2010-02-05,9,18,3972.24,False,38.01,2.572,0.0,0.0,0.0,0.0,0.0,214.6554591,6.415,B,125833,False,False,False,False,5,2,2010
2010-02-05,9,19,1441.38,False,38.01,2.572,0.0,0.0,0.0,0.0,0.0,214.6554591,6.415,B,125833,False,False,False,False,5,2,2010
2010-02-05,9,20,2132.74,False,38.01,2.572,0.0,0.0,0.0,0.0,0.0,214.6554591,6.415,B,125833,False,False,False,False,5,2,2010
2010-02-05,9,21,4335.93,False,38.01,2.572,0.0,0.0,0.0,0.0,0.0,214.6554591,6.415,B,125833,False,False,False,False,5,2,2010
2010-02-05,9,22,5086.27,False,38.01,2.572,0.0,0.0,0.0,0.0,0.0,214.6554591,6.415,B,125833,False,False,False,False,5,2,2010
2010-02-05,9,23,9979.56,False,38.01,2.572,0.0,0.0,0.0,0.0,0.0,214.6554591,6.415,B,125833,False,False,False,False,5,2,2010
2010-02-05,9,24,2531.06,False,38.01,2.572,0.0,0.0,0.0,0.0,0.0,214.6554591,6.415,B,125833,False,False,False,False,5,2,2010
2010-02-05,9,25,6014.75,False,38.01,2.572,0.0,0.0,0.0,0.0,0.0,214.6554591,6.415,B,125833,False,False,False,False,5,2,2010
2010-02-05,9,26,6076.44,False,38.01,2.572,0.0,0.0,0.0,0.0,0.0,214.6554591,6.415,B,125833,False,False,False,False,5,2,2010
2010-02-05,9,27,1181.5,False,38.01,2.572,0.0,0.0,0.0,0.0,0.0,214.6554591,6.415,B,125833,False,False,False,False,5,2,2010
2010-02-05,9,28,356.9,False,38.01,2.572,0.0,0.0,0.0,0.0,0.0,214.6554591,6.415,B,125833,False,False,False,False,5,2,2010
2010-02-05,9,29,2604.7,False,38.01,2.572,0.0,0.0,0.0,0.0,0.0,214.6554591,6.415,B,125833,False,False,False,False,5,2,2010
2010-02-05,9,30,2281.0,False,38.01,2.572,0.0,0.0,0.0,0.0,0.0,214.6554591,6.415,B,125833,False,False,False,False,5,2,2010
2010-02-05,9,31,1095.82,False,38.01,2.572,0.0,0.0,0.0,0.0,0.0,214.6554591,6.415,B,125833,False,False,False,False,5,2,2010
2010-02-05,9,32,6251.72,False,38.01,2.572,0.0,0.0,0.0,0.0,0.0,214.6554591,6.415,B,125833,False,False,False,False,5,2,2010
2010-02-05,9,33,2235.49,False,38.01,2.572,0.0,0.0,0.0,0.0,0.0,214.6554591,6.415,B,125833,False,False,False,False,5,2,2010
2010-02-05,9,34,8620.13,False,38.01,2.572,0.0,0.0,0.0,0.0,0.0,214.6554591,6.415,B,125833,False,False,False,False,5,2,2010
2010-02-05,9,35,1134.0,False,38.01,2.572,0.0,0.0,0.0,0.0,0.0,214.6554591,6.415,B,125833,False,False,False,False,5,2,2010
2010-02-05,9,36,158.0,False,38.01,2.572,0.0,0.0,0.0,0.0,0.0,214.6554591,6.415,B,125833,False,False,False,False,5,2,2010
2010-02-05,9,38,83916.56,False,38.01,2.572,0.0,0.0,0.0,0.0,0.0,214.6554591,6.415,B,125833,False,False,False,False,5,2,2010
2010-02-05,9,40,32427.39,False,38.01,2.572,0.0,0.0,0.0,0.0,0.0,214.6554591,6.415,B,125833,False,False,False,False,5,2,2010
2010-02-05,9,41,714.0,False,38.01,2.572,0.0,0.0,0.0,0.0,0.0,214.6554591,6.415,B,125833,False,False,False,False,5,2,2010
2010-02-05,9,42,2504.68,False,38.01,2.572,0.0,0.0,0.0,0.0,0.0,214.6554591,6.415,B,125833,False,False,False,False,5,2,2010
2010-02-05,9,44,2705.26,False,38.01,2.572,0.0,0.0,0.0,0.0,0.0,214.6554591,6.415,B,125833,False,False,False,False,5,2,2010
2010-02-05,9,46,7417.41,False,38.01,2.572,0.0,0.0,0.0,0.0,0.0,214.6554591,6.415,B,125833,False,False,False,False,5,2,2010
2010-02-05,9,52,1150.25,False,38.01,2.572,0.0,0.0,0.0,0.0,0.0,214.6554591,6.415,B,125833,False,False,False,False,5,2,2010
2010-02-05,9,54,178.0,False,38.01,2.572,0.0,0.0,0.0,0.0,0.0,214.6554591,6.415,B,125833,False,False,False,False,5,2,2010
2010-02-05,9,55,11123.56,False,38.01,2.572,0.0,0.0,0.0,0.0,0.0,214.6554591,6.415,B,125833,False,False,False,False,5,2,2010
2010-02-05,9,56,769.32,False,38.01,2.572,0.0,0.0,0.0,0.0,0.0,214.6554591,6.415,B,125833,False,False,False,False,5,2,2010
2010-02-05,9,59,241.86,False,38.01,2.572,0.0,0.0,0.0,0.0,0.0,214.6554591,6.415,B,125833,False,False,False,False,5,2,2010
2010-02-05,9,67,3596.09,False,38.01,2.572,0.0,0.0,0.0,0.0,0.0,214.6554591,6.415,B,125833,False,False,False,False,5,2,2010
2010-02-05,9,71,2479.26,False,38.01,2.572,0.0,0.0,0.0,0.0,0.0,214.6554591,6.415,B,125833,False,False,False,False,5,2,2010
2010-02-05,9,72,51530.74,False,38.01,2.572,0.0,0.0,0.0,0.0,0.0,214.6554591,6.415,B,125833,False,False,False,False,5,2,2010
2010-02-05,9,74,8076.88,False,38.01,2.572,0.0,0.0,0.0,0.0,0.0,214.6554591,6.415,B,125833,False,False,False,False,5,2,2010
2010-02-05,9,79,14562.38,False,38.01,2.572,0.0,0.0,0.0,0.0,0.0,214.6554591,6.415,B,125833,False,False,False,False,5,2,2010
2010-02-05,9,81,2056.57,False,38.01,2.572,0.0,0.0,0.0,0.0,0.0,214.6554591,6.415,B,125833,False,False,False,False,5,2,2010
2010-02-05,9,82,8658.41,False,38.01,2.572,0.0,0.0,0.0,0.0,0.0,214.6554591,6.415,B,125833,False,False,False,False,5,2,2010
2010-02-05,9,85,693.87,False,38.01,2.572,0.0,0.0,0.0,0.0,0.0,214.6554591,6.415,B,125833,False,False,False,False,5,2,2010
2010-02-05,9,87,11680.93,False,38.01,2.572,0.0,0.0,0.0,0.0,0.0,214.6554591,6.415,B,125833,False,False,False,False,5,2,2010
2010-02-05,9,90,2335.92,False,38.01,2.572,0.0,0.0,0.0,0.0,0.0,214.6554591,6.415,B,125833,False,False,False,False,5,2,2010
2010-02-05,9,91,292.64,False,38.01,2.572,0.0,0.0,0.0,0.0,0.0,214.6554591,6.415,B,125833,False,False,False,False,5,2,2010
2010-02-05,9,92,11620.09,False,38.01,2.572,0.0,0.0,0.0,0.0,0.0,214.6554591,6.415,B,125833,False,False,False,False,5,2,2010
2010-02-05,9,95,23292.1,False,38.01,2.572,0.0,0.0,0.0,0.0,0.0,214.6554591,6.415,B,125833,False,False,False,False,5,2,2010
2010-02-05,9,96,2438.08,False,38.01,2.572,0.0,0.0,0.0,0.0,0.0,214.6554591,6.415,B,125833,False,False,False,False,5,2,2010
2010-02-05,9,97,668.48,False,38.01,2.572,0.0,0.0,0.0,0.0,0.0,214.6554591,6.415,B,125833,False,False,False,False,5,2,2010
2010-02-12,9,1,20273.94,True,37.08,2.548,0.0,0.0,0.0,0.0,0.0,214.8056534,6.415,B,125833,True,False,False,False,6,2,2010
2010-02-12,9,2,22488.29,True,37.08,2.548,0.0,0.0,0.0,0.0,0.0,214.8056534,6.415,B,125833,True,False,False,False,6,2,2010
2010-02-12,9,3,6237.84,True,37.08,2.548,0.0,0.0,0.0,0.0,0.0,214.8056534,6.415,B,125833,True,False,False,False,6,2,2010
2010-02-12,9,4,15667.0,True,37.08,2.548,0.0,0.0,0.0,0.0,0.0,214.8056534,6.415,B,125833,True,False,False,False,6,2,2010
2010-02-12,9,5,23090.98,True,37.08,2.548,0.0,0.0,0.0,0.0,0.0,214.8056534,6.415,B,125833,True,False,False,False,6,2,2010
2010-02-12,9,6,4794.88,True,37.08,2.548,0.0,0.0,0.0,0.0,0.0,214.8056534,6.415,B,125833,True,False,False,False,6,2,2010
2010-02-12,9,7,10170.54,True,37.08,2.548,0.0,0.0,0.0,0.0,0.0,214.8056534,6.415,B,125833,True,False,False,False,6,2,2010
2010-02-12,9,8,21964.72,True,37.08,2.548,0.0,0.0,0.0,0.0,0.0,214.8056534,6.415,B,125833,True,False,False,False,6,2,2010
2010-02-12,9,9,6556.94,True,37.08,2.548,0.0,0.0,0.0,0.0,0.0,214.8056534,6.415,B,125833,True,False,False,False,6,2,2010
2010-02-12,9,10,11958.7,True,37.08,2.548,0.0,0.0,0.0,0.0,0.0,214.8056534,6.415,B,125833,True,False,False,False,6,2,2010
2010-02-12,9,11,11119.37,True,37.08,2.548,0.0,0.0,0.0,0.0,0.0,214.8056534,6.415,B,125833,True,False,False,False,6,2,2010
2010-02-12,9,12,5321.75,True,37.08,2.548,0.0,0.0,0.0,0.0,0.0,214.8056534,6.415,B,125833,True,False,False,False,6,2,2010
2010-02-12,9,13,19961.51,True,37.08,2.548,0.0,0.0,0.0,0.0,0.0,214.8056534,6.415,B,125833,True,False,False,False,6,2,2010
2010-02-12,9,14,8004.04,True,37.08,2.548,0.0,0.0,0.0,0.0,0.0,214.8056534,6.415,B,125833,True,False,False,False,6,2,2010
2010-02-12,9,16,3340.89,True,37.08,2.548,0.0,0.0,0.0,0.0,0.0,214.8056534,6.415,B,125833,True,False,False,False,6,2,2010
2010-02-12,9,17,5138.22,True,37.08,2.548,0.0,0.0,0.0,0.0,0.0,214.8056534,6.415,B,125833,True,False,False,False,6,2,2010
2010-02-12,9,18,13587.5,True,37.08,2.548,0.0,0.0,0.0,0.0,0.0,214.8056534,6.415,B,125833,True,False,False,False,6,2,2010
2010-02-12,9,19,1257.51,True,37.08,2.548,0.0,0.0,0.0,0.0,0.0,214.8056534,6.415,B,125833,True,False,False,False,6,2,2010
2010-02-12,9,20,2349.0,True,37.08,2.548,0.0,0.0,0.0,0.0,0.0,214.8056534,6.415,B,125833,True,False,False,False,6,2,2010
2010-02-12,9,21,4137.44,True,37.08,2.548,0.0,0.0,0.0,0.0,0.0,214.8056534,6.415,B,125833,True,False,False,False,6,2,2010
2010-02-12,9,22,6161.22,True,37.08,2.548,0.0,0.0,0.0,0.0,0.0,214.8056534,6.415,B,125833,True,False,False,False,6,2,2010
2010-02-12,9,23,10291.67,True,37.08,2.548,0.0,0.0,0.0,0.0,0.0,214.8056534,6.415,B,125833,True,False,False,False,6,2,2010
2010-02-12,9,24,2291.28,True,37.08,2.548,0.0,0.0,0.0,0.0,0.0,214.8056534,6.415,B,125833,True,False,False,False,6,2,2010
2010-02-12,9,25,6053.75,True,37.08,2.548,0.0,0.0,0.0,0.0,0.0,214.8056534,6.415,B,125833,True,False,False,False,6,2,2010
2010-02-12,9,26,3845.62,True,37.08,2.548,0.0,0.0,0.0,0.0,0.0,214.8056534,6.415,B,125833,True,False,False,False,6,2,2010
2010-02-12,9,27,878.5,True,37.08,2.548,0.0,0.0,0.0,0.0,0.0,214.8056534,6.415,B,125833,True,False,False,False,6,2,2010
2010-02-12,9,28,275.73,True,37.08,2.548,0.0,0.0,0.0,0.0,0.0,214.8056534,6.415,B,125833,True,False,False,False,6,2,2010
2010-02-12,9,29,2072.26,True,37.08,2.548,0.0,0.0,0.0,0.0,0.0,214.8056534,6.415,B,125833,True,False,False,False,6,2,2010
2010-02-12,9,30,1642.5,True,37.08,2.548,0.0,0.0,0.0,0.0,0.0,214.8056534,6.415,B,125833,True,False,False,False,6,2,2010
2010-02-12,9,31,1312.96,True,37.08,2.548,0.0,0.0,0.0,0.0,0.0,214.8056534,6.415,B,125833,True,False,False,False,6,2,2010
2010-02-12,9,32,10423.68,True,37.08,2.548,0.0,0.0,0.0,0.0,0.0,214.8056534,6.415,B,125833,True,False,False,False,6,2,2010
2010-02-12,9,33,2402.97,True,37.08,2.548,0.0,0.0,0.0,0.0,0.0,214.8056534,6.415,B,125833,True,False,False,False,6,2,2010
2010-02-12,9,34,7425.64,True,37.08,2.548,0.0,0.0,0.0,0.0,0.0,214.8056534,6.415,B,125833,True,False,False,False,6,2,2010
2010-02-12,9,35,1067.0,True,37.08,2.548,0.0,0.0,0.0,0.0,0.0,214.8056534,6.415,B,125833,True,False,False,False,6,2,2010
2010-02-12,9,36,151.0,True,37.08,2.548,0.0,0.0,0.0,0.0,0.0,214.8056534,6.415,B,125833,True,False,False,False,6,2,2010
2010-02-12,9,38,76652.26,True,37.08,2.548,0.0,0.0,0.0,0.0,0.0,214.8056534,6.415,B,125833,True,False,False,False,6,2,2010
2010-02-12,9,40,29859.92,True,37.08,2.548,0.0,0.0,0.0,0.0,0.0,214.8056534,6.415,B,125833,True,False,False,False,6,2,2010
2010-02-12,9,41,1317.0,True,37.08,2.548,0.0,0.0,0.0,0.0,0.0,214.8056534,6.415,B,125833,True,False,False,False,6,2,2010
2010-02-12,9,42,2698.79,True,37.08,2.548,0.0,0.0,0.0,0.0,0.0,214.8056534,6.415,B,125833,True,False,False,False,6,2,2010
2010-02-12,9,44,3075.42,True,37.08,2.548,0.0,0.0,0.0,0.0,0.0,214.8056534,6.415,B,125833,True,False,False,False,6,2,2010
2010-02-12,9,45,7.5,True,37.08,2.548,0.0,0.0,0.0,0.0,0.0,214.8056534,6.415,B,125833,True,False,False,False,6,2,2010
2010-02-12,9,46,7022.17,True,37.08,2.548,0.0,0.0,0.0,0.0,0.0,214.8056534,6.415,B,125833,True,False,False,False,6,2,2010
2010-02-12,9,52,1580.77,True,37.08,2.548,0.0,0.0,0.0,0.0,0.0,214.8056534,6.415,B,125833,True,False,False,False,6,2,2010
2010-02-12,9,54,380.0,True,37.08,2.548,0.0,0.0,0.0,0.0,0.0,214.8056534,6.415,B,125833,True,False,False,False,6,2,2010
2010-02-12,9,55,11471.91,True,37.08,2.548,0.0,0.0,0.0,0.0,0.0,214.8056534,6.415,B,125833,True,False,False,False,6,2,2010
2010-02-12,9,56,1342.6,True,37.08,2.548,0.0,0.0,0.0,0.0,0.0,214.8056534,6.415,B,125833,True,False,False,False,6,2,2010
2010-02-12,9,59,277.27,True,37.08,2.548,0.0,0.0,0.0,0.0,0.0,214.8056534,6.415,B,125833,True,False,False,False,6,2,2010
2010-02-12,9,67,7826.84,True,37.08,2.548,0.0,0.0,0.0,0.0,0.0,214.8056534,6.415,B,125833,True,False,False,False,6,2,2010
2010-02-12,9,71,2141.5,True,37.08,2.548,0.0,0.0,0.0,0.0,0.0,214.8056534,6.415,B,125833,True,False,False,False,6,2,2010
2010-02-12,9,72,51184.65,True,37.08,2.548,0.0,0.0,0.0,0.0,0.0,214.8056534,6.415,B,125833,True,False,False,False,6,2,2010
2010-02-12,9,74,6934.95,True,37.08,2.548,0.0,0.0,0.0,0.0,0.0,214.8056534,6.415,B,125833,True,False,False,False,6,2,2010
2010-02-12,9,79,13029.33,True,37.08,2.548,0.0,0.0,0.0,0.0,0.0,214.8056534,6.415,B,125833,True,False,False,False,6,2,2010
2010-02-12,9,81,2131.29,True,37.08,2.548,0.0,0.0,0.0,0.0,0.0,214.8056534,6.415,B,125833,True,False,False,False,6,2,2010
2010-02-12,9,82,9063.69,True,37.08,2.548,0.0,0.0,0.0,0.0,0.0,214.8056534,6.415,B,125833,True,False,False,False,6,2,2010
2010-02-12,9,85,475.91,True,37.08,2.548,0.0,0.0,0.0,0.0,0.0,214.8056534,6.415,B,125833,True,False,False,False,6,2,2010
2010-02-12,9,87,10004.55,True,37.08,2.548,0.0,0.0,0.0,0.0,0.0,214.8056534,6.415,B,125833,True,False,False,False,6,2,2010
2010-02-12,9,90,2486.18,True,37.08,2.548,0.0,0.0,0.0,0.0,0.0,214.8056534,6.415,B,125833,True,False,False,False,6,2,2010
2010-02-12,9,91,544.74,True,37.08,2.548,0.0,0.0,0.0,0.0,0.0,214.8056534,6.415,B,125833,True,False,False,False,6,2,2010
2010-02-12,9,92,11080.5,True,37.08,2.548,0.0,0.0,0.0,0.0,0.0,214.8056534,6.415,B,125833,True,False,False,False,6,2,2010
2010-02-12,9,94,982.5,True,37.08,2.548,0.0,0.0,0.0,0.0,0.0,214.8056534,6.415,B,125833,True,False,False,False,6,2,2010
2010-02-12,9,95,22317.38,True,37.08,2.548,0.0,0.0,0.0,0.0,0.0,214.8056534,6.415,B,125833,True,False,False,False,6,2,2010
2010-02-12,9,96,2304.09,True,37.08,2.548,0.0,0.0,0.0,0.0,0.0,214.8056534,6.415,B,125833,True,False,False,False,6,2,2010
2010-02-12,9,97,766.93,True,37.08,2.548,0.0,0.0,0.0,0.0,0.0,214.8056534,6.415,B,125833,True,False,False,False,6,2,2010
2010-02-19,9,1,14819.97,False,43.06,2.514,0.0,0.0,0.0,0.0,0.0,214.8506185,6.415,B,125833,False,False,False,False,7,2,2010
2010-02-19,9,2,22173.92,False,43.06,2.514,0.0,0.0,0.0,0.0,0.0,214.8506185,6.415,B,125833,False,False,False,False,7,2,2010
2010-02-19,9,3,5402.42,False,43.06,2.514,0.0,0.0,0.0,0.0,0.0,214.8506185,6.415,B,125833,False,False,False,False,7,2,2010
2010-02-19,9,4,15069.46,False,43.06,2.514,0.0,0.0,0.0,0.0,0.0,214.8506185,6.415,B,125833,False,False,False,False,7,2,2010
2010-02-19,9,5,17249.74,False,43.06,2.514,0.0,0.0,0.0,0.0,0.0,214.8506185,6.415,B,125833,False,False,False,False,7,2,2010
2010-02-19,9,6,2778.76,False,43.06,2.514,0.0,0.0,0.0,0.0,0.0,214.8506185,6.415,B,125833,False,False,False,False,7,2,2010
2010-02-19,9,7,9823.2,False,43.06,2.514,0.0,0.0,0.0,0.0,0.0,214.8506185,6.415,B,125833,False,False,False,False,7,2,2010
2010-02-19,9,8,20764.4,False,43.06,2.514,0.0,0.0,0.0,0.0,0.0,214.8506185,6.415,B,125833,False,False,False,False,7,2,2010
2010-02-19,9,9,7301.19,False,43.06,2.514,0.0,0.0,0.0,0.0,0.0,214.8506185,6.415,B,125833,False,False,False,False,7,2,2010
2010-02-19,9,10,13102.37,False,43.06,2.514,0.0,0.0,0.0,0.0,0.0,214.8506185,6.415,B,125833,False,False,False,False,7,2,2010
2010-02-19,9,11,11933.57,False,43.06,2.514,0.0,0.0,0.0,0.0,0.0,214.8506185,6.415,B,125833,False,False,False,False,7,2,2010
2010-02-19,9,12,6869.65,False,43.06,2.514,0.0,0.0,0.0,0.0,0.0,214.8506185,6.415,B,125833,False,False,False,False,7,2,2010
2010-02-19,9,13,22198.64,False,43.06,2.514,0.0,0.0,0.0,0.0,0.0,214.8506185,6.415,B,125833,False,False,False,False,7,2,2010
2010-02-19,9,14,7188.32,False,43.06,2.514,0.0,0.0,0.0,0.0,0.0,214.8506185,6.415,B,125833,False,False,False,False,7,2,2010
2010-02-19,9,16,6438.41,False,43.06,2.514,0.0,0.0,0.0,0.0,0.0,214.8506185,6.415,B,125833,False,False,False,False,7,2,2010
2010-02-19,9,17,5021.03,False,43.06,2.514,0.0,0.0,0.0,0.0,0.0,214.8506185,6.415,B,125833,False,False,False,False,7,2,2010
2010-02-19,9,18,10133.53,False,43.06,2.514,0.0,0.0,0.0,0.0,0.0,214.8506185,6.415,B,125833,False,False,False,False,7,2,2010
2010-02-19,9,19,1490.4,False,43.06,2.514,0.0,0.0,0.0,0.0,0.0,214.8506185,6.415,B,125833,False,False,False,False,7,2,2010
2010-02-19,9,20,2669.99,False,43.06,2.514,0.0,0.0,0.0,0.0,0.0,214.8506185,6.415,B,125833,False,False,False,False,7,2,2010
2010-02-19,9,21,4124.84,False,43.06,2.514,0.0,0.0,0.0,0.0,0.0,214.8506185,6.415,B,125833,False,False,False,False,7,2,2010
2010-02-19,9,22,4282.0,False,43.06,2.514,0.0,0.0,0.0,0.0,0.0,214.8506185,6.415,B,125833,False,False,False,False,7,2,2010
2010-02-19,9,23,8275.33,False,43.06,2.514,0.0,0.0,0.0,0.0,0.0,214.8506185,6.415,B,125833,False,False,False,False,7,2,2010
2010-02-19,9,24,1620.96,False,43.06,2.514,0.0,0.0,0.0,0.0,0.0,214.8506185,6.415,B,125833,False,False,False,False,7,2,2010
2010-02-19,9,25,4775.0,False,43.06,2.514,0.0,0.0,0.0,0.0,0.0,214.8506185,6.415,B,125833,False,False,False,False,7,2,2010
2010-02-19,9,26,4571.54,False,43.06,2.514,0.0,0.0,0.0,0.0,0.0,214.8506185,6.415,B,125833,False,False,False,False,7,2,2010
2010-02-19,9,27,986.5,False,43.06,2.514,0.0,0.0,0.0,0.0,0.0,214.8506185,6.415,B,125833,False,False,False,False,7,2,2010
2010-02-19,9,28,287.89,False,43.06,2.514,0.0,0.0,0.0,0.0,0.0,214.8506185,6.415,B,125833,False,False,False,False,7,2,2010
2010-02-19,9,29,2275.32,False,43.06,2.514,0.0,0.0,0.0,0.0,0.0,214.8506185,6.415,B,125833,False,False,False,False,7,2,2010
2010-02-19,9,30,1521.5,False,43.06,2.514,0.0,0.0,0.0,0.0,0.0,214.8506185,6.415,B,125833,False,False,False,False,7,2,2010
2010-02-19,9,31,1218.0,False,43.06,2.514,0.0,0.0,0.0,0.0,0.0,214.8506185,6.415,B,125833,False,False,False,False,7,2,2010
2010-02-19,9,32,6985.07,False,43.06,2.514,0.0,0.0,0.0,0.0,0.0,214.8506185,6.415,B,125833,False,False,False,False,7,2,2010
2010-02-19,9,33,1793.79,False,43.06,2.514,0.0,0.0,0.0,0.0,0.0,214.8506185,6.415,B,125833,False,False,False,False,7,2,2010
2010-02-19,9,34,8727.31,False,43.06,2.514,0.0,0.0,0.0,0.0,0.0,214.8506185,6.415,B,125833,False,False,False,False,7,2,2010
2010-02-19,9,35,1067.0,False,43.06,2.514,0.0,0.0,0.0,0.0,0.0,214.8506185,6.415,B,125833,False,False,False,False,7,2,2010
2010-02-19,9,36,216.0,False,43.06,2.514,0.0,0.0,0.0,0.0,0.0,214.8506185,6.415,B,125833,False,False,False,False,7,2,2010
2010-02-19,9,38,73690.21,False,43.06,2.514,0.0,0.0,0.0,0.0,0.0,214.8506185,6.415,B,125833,False,False,False,False,7,2,2010
2010-02-19,9,40,30994.36,False,43.06,2.514,0.0,0.0,0.0,0.0,0.0,214.8506185,6.415,B,125833,False,False,False,False,7,2,2010
2010-02-19,9,41,796.0,False,43.06,2.514,0.0,0.0,0.0,0.0,0.0,214.8506185,6.415,B,125833,False,False,False,False,7,2,2010
2010-02-19,9,42,3023.67,False,43.06,2.514,0.0,0.0,0.0,0.0,0.0,214.8506185,6.415,B,125833,False,False,False,False,7,2,2010
2010-02-19,9,44,2755.73,False,43.06,2.514,0.0,0.0,0.0,0.0,0.0,214.8506185,6.415,B,125833,False,False,False,False,7,2,2010
2010-02-19,9,45,7.5,False,43.06,2.514,0.0,0.0,0.0,0.0,0.0,214.8506185,6.415,B,125833,False,False,False,False,7,2,2010
2010-02-19,9,46,8169.53,False,43.06,2.514,0.0,0.0,0.0,0.0,0.0,214.8506185,6.415,B,125833,False,False,False,False,7,2,2010
2010-02-19,9,47,335.74,False,43.06,2.514,0.0,0.0,0.0,0.0,0.0,214.8506185,6.415,B,125833,False,False,False,False,7,2,2010
2010-02-19,9,51,1.16,False,43.06,2.514,0.0,0.0,0.0,0.0,0.0,214.8506185,6.415,B,125833,False,False,False,False,7,2,2010
2010-02-19,9,52,1680.28,False,43.06,2.514,0.0,0.0,0.0,0.0,0.0,214.8506185,6.415,B,125833,False,False,False,False,7,2,2010
2010-02-19,9,54,149.0,False,43.06,2.514,0.0,0.0,0.0,0.0,0.0,214.8506185,6.415,B,125833,False,False,False,False,7,2,2010
2010-02-19,9,55,9525.18,False,43.06,2.514,0.0,0.0,0.0,0.0,0.0,214.8506185,6.415,B,125833,False,False,False,False,7,2,2010
2010-02-19,9,56,1602.28,False,43.06,2.514,0.0,0.0,0.0,0.0,0.0,214.8506185,6.415,B,125833,False,False,False,False,7,2,2010
2010-02-19,9,59,269.0,False,43.06,2.514,0.0,0.0,0.0,0.0,0.0,214.8506185,6.415,B,125833,False,False,False,False,7,2,2010
2010-02-19,9,67,5185.07,False,43.06,2.514,0.0,0.0,0.0,0.0,0.0,214.8506185,6.415,B,125833,False,False,False,False,7,2,2010
2010-02-19,9,71,2475.92,False,43.06,2.514,0.0,0.0,0.0,0.0,0.0,214.8506185,6.415,B,125833,False,False,False,False,7,2,2010
2010-02-19,9,72,38087.01,False,43.06,2.514,0.0,0.0,0.0,0.0,0.0,214.8506185,6.415,B,125833,False,False,False,False,7,2,2010
2010-02-19,9,74,6301.21,False,43.06,2.514,0.0,0.0,0.0,0.0,0.0,214.8506185,6.415,B,125833,False,False,False,False,7,2,2010
2010-02-19,9,79,11830.54,False,43.06,2.514,0.0,0.0,0.0,0.0,0.0,214.8506185,6.415,B,125833,False,False,False,False,7,2,2010
2010-02-19,9,81,2289.65,False,43.06,2.514,0.0,0.0,0.0,0.0,0.0,214.8506185,6.415,B,125833,False,False,False,False,7,2,2010
2010-02-19,9,82,7905.33,False,43.06,2.514,0.0,0.0,0.0,0.0,0.0,214.8506185,6.415,B,125833,False,False,False,False,7,2,2010
2010-02-19,9,85,856.62,False,43.06,2.514,0.0,0.0,0.0,0.0,0.0,214.8506185,6.415,B,125833,False,False,False,False,7,2,2010
2010-02-19,9,87,9720.24,False,43.06,2.514,0.0,0.0,0.0,0.0,0.0,214.8506185,6.415,B,125833,False,False,False,False,7,2,2010
2010-02-19,9,90,2452.7,False,43.06,2.514,0.0,0.0,0.0,0.0,0.0,214.8506185,6.415,B,125833,False,False,False,False,7,2,2010
2010-02-19,9,91,424.26,False,43.06,2.514,0.0,0.0,0.0,0.0,0.0,214.8506185,6.415,B,125833,False,False,False,False,7,2,2010
2010-02-19,9,92,10233.49,False,43.06,2.514,0.0,0.0,0.0,0.0,0.0,214.8506185,6.415,B,125833,False,False,False,False,7,2,2010
2010-02-19,9,94,2163.75,False,43.06,2.514,0.0,0.0,0.0,0.0,0.0,214.8506185,6.415,B,125833,False,False,False,False,7,2,2010
2010-02-19,9,95,20694.32,False,43.06,2.514,0.0,0.0,0.0,0.0,0.0,214.8506185,6.415,B,125833,False,False,False,False,7,2,2010
2010-02-19,9,96,1944.11,False,43.06,2.514,0.0,0.0,0.0,0.0,0.0,214.8506185,6.415,B,125833,False,False,False,False,7,2,2010
2010-02-19,9,97,607.02,False,43.06,2.514,0.0,0.0,0.0,0.0,0.0,214.8506185,6.415,B,125833,False,False,False,False,7,2,2010
2010-02-26,9,1,10530.98,False,43.83,2.561,0.0,0.0,0.0,0.0,0.0,214.8780453,6.415,B,125833,False,False,False,False,8,2,2010
2010-02-26,9,2,22311.77,False,43.83,2.561,0.0,0.0,0.0,0.0,0.0,214.8780453,6.415,B,125833,False,False,False,False,8,2,2010
2010-02-26,9,3,5454.56,False,43.83,2.561,0.0,0.0,0.0,0.0,0.0,214.8780453,6.415,B,125833,False,False,False,False,8,2,2010
2010-02-26,9,4,15537.55,False,43.83,2.561,0.0,0.0,0.0,0.0,0.0,214.8780453,6.415,B,125833,False,False,False,False,8,2,2010
2010-02-26,9,5,17459.78,False,43.83,2.561,0.0,0.0,0.0,0.0,0.0,214.8780453,6.415,B,125833,False,False,False,False,8,2,2010
2010-02-26,9,6,3469.0,False,43.83,2.561,0.0,0.0,0.0,0.0,0.0,214.8780453,6.415,B,125833,False,False,False,False,8,2,2010
2010-02-26,9,7,10511.05,False,43.83,2.561,0.0,0.0,0.0,0.0,0.0,214.8780453,6.415,B,125833,False,False,False,False,8,2,2010
2010-02-26,9,8,20415.71,False,43.83,2.561,0.0,0.0,0.0,0.0,0.0,214.8780453,6.415,B,125833,False,False,False,False,8,2,2010
2010-02-26,9,9,7814.18,False,43.83,2.561,0.0,0.0,0.0,0.0,0.0,214.8780453,6.415,B,125833,False,False,False,False,8,2,2010
2010-02-26,9,10,9743.75,False,43.83,2.561,0.0,0.0,0.0,0.0,0.0,214.8780453,6.415,B,125833,False,False,False,False,8,2,2010
2010-02-26,9,11,11003.23,False,43.83,2.561,0.0,0.0,0.0,0.0,0.0,214.8780453,6.415,B,125833,False,False,False,False,8,2,2010
2010-02-26,9,12,6024.29,False,43.83,2.561,0.0,0.0,0.0,0.0,0.0,214.8780453,6.415,B,125833,False,False,False,False,8,2,2010
2010-02-26,9,13,20698.82,False,43.83,2.561,0.0,0.0,0.0,0.0,0.0,214.8780453,6.415,B,125833,False,False,False,False,8,2,2010
2010-02-26,9,14,6757.56,False,43.83,2.561,0.0,0.0,0.0,0.0,0.0,214.8780453,6.415,B,125833,False,False,False,False,8,2,2010
2010-02-26,9,16,7240.76,False,43.83,2.561,0.0,0.0,0.0,0.0,0.0,214.8780453,6.415,B,125833,False,False,False,False,8,2,2010
2010-02-26,9,17,6128.43,False,43.83,2.561,0.0,0.0,0.0,0.0,0.0,214.8780453,6.415,B,125833,False,False,False,False,8,2,2010
2010-02-26,9,18,1063.14,False,43.83,2.561,0.0,0.0,0.0,0.0,0.0,214.8780453,6.415,B,125833,False,False,False,False,8,2,2010
2010-02-26,9,19,1060.31,False,43.83,2.561,0.0,0.0,0.0,0.0,0.0,214.8780453,6.415,B,125833,False,False,False,False,8,2,2010
2010-02-26,9,20,3425.55,False,43.83,2.561,0.0,0.0,0.0,0.0,0.0,214.8780453,6.415,B,125833,False,False,False,False,8,2,2010
2010-02-26,9,21,3993.55,False,43.83,2.561,0.0,0.0,0.0,0.0,0.0,214.8780453,6.415,B,125833,False,False,False,False,8,2,2010
2010-02-26,9,22,5633.56,False,43.83,2.561,0.0,0.0,0.0,0.0,0.0,214.8780453,6.415,B,125833,False,False,False,False,8,2,2010
2010-02-26,9,23,8378.17,False,43.83,2.561,0.0,0.0,0.0,0.0,0.0,214.8780453,6.415,B,125833,False,False,False,False,8,2,2010
2010-02-26,9,24,1958.04,False,43.83,2.561,0.0,0.0,0.0,0.0,0.0,214.8780453,6.415,B,125833,False,False,False,False,8,2,2010
2010-02-26,9,25,4381.25,False,43.83,2.561,0.0,0.0,0.0,0.0,0.0,214.8780453,6.415,B,125833,False,False,False,False,8,2,2010
2010-02-26,9,26,4319.64,False,43.83,2.561,0.0,0.0,0.0,0.0,0.0,214.8780453,6.415,B,125833,False,False,False,False,8,2,2010
2010-02-26,9,27,831.0,False,43.83,2.561,0.0,0.0,0.0,0.0,0.0,214.8780453,6.415,B,125833,False,False,False,False,8,2,2010
2010-02-26,9,28,313.74,False,43.83,2.561,0.0,0.0,0.0,0.0,0.0,214.8780453,6.415,B,125833,False,False,False,False,8,2,2010
2010-02-26,9,29,1971.75,False,43.83,2.561,0.0,0.0,0.0,0.0,0.0,214.8780453,6.415,B,125833,False,False,False,False,8,2,2010
2010-02-26,9,30,1938.0,False,43.83,2.561,0.0,0.0,0.0,0.0,0.0,214.8780453,6.415,B,125833,False,False,False,False,8,2,2010
2010-02-26,9,31,876.92,False,43.83,2.561,0.0,0.0,0.0,0.0,0.0,214.8780453,6.415,B,125833,False,False,False,False,8,2,2010
2010-02-26,9,32,5299.68,False,43.83,2.561,0.0,0.0,0.0,0.0,0.0,214.8780453,6.415,B,125833,False,False,False,False,8,2,2010
2010-02-26,9,33,1875.26,False,43.83,2.561,0.0,0.0,0.0,0.0,0.0,214.8780453,6.415,B,125833,False,False,False,False,8,2,2010
2010-02-26,9,34,6542.98,False,43.83,2.561,0.0,0.0,0.0,0.0,0.0,214.8780453,6.415,B,125833,False,False,False,False,8,2,2010
2010-02-26,9,35,1017.0,False,43.83,2.561,0.0,0.0,0.0,0.0,0.0,214.8780453,6.415,B,125833,False,False,False,False,8,2,2010
2010-02-26,9,36,188.0,False,43.83,2.561,0.0,0.0,0.0,0.0,0.0,214.8780453,6.415,B,125833,False,False,False,False,8,2,2010
2010-02-26,9,38,68142.15,False,43.83,2.561,0.0,0.0,0.0,0.0,0.0,214.8780453,6.415,B,125833,False,False,False,False,8,2,2010
2010-02-26,9,40,29654.04,False,43.83,2.561,0.0,0.0,0.0,0.0,0.0,214.8780453,6.415,B,125833,False,False,False,False,8,2,2010
2010-02-26,9,41,661.0,False,43.83,2.561,0.0,0.0,0.0,0.0,0.0,214.8780453,6.415,B,125833,False,False,False,False,8,2,2010
2010-02-26,9,42,2405.57,False,43.83,2.561,0.0,0.0,0.0,0.0,0.0,214.8780453,6.415,B,125833,False,False,False,False,8,2,2010
2010-02-26,9,44,1967.01,False,43.83,2.561,0.0,0.0,0.0,0.0,0.0,214.8780453,6.415,B,125833,False,False,False,False,8,2,2010
2010-02-26,9,45,5.5,False,43.83,2.561,0.0,0.0,0.0,0.0,0.0,214.8780453,6.415,B,125833,False,False,False,False,8,2,2010
2010-02-26,9,46,6279.08,False,43.83,2.561,0.0,0.0,0.0,0.0,0.0,214.8780453,6.415,B,125833,False,False,False,False,8,2,2010
2010-02-26,9,51,12.0,False,43.83,2.561,0.0,0.0,0.0,0.0,0.0,214.8780453,6.415,B,125833,False,False,False,False,8,2,2010
2010-02-26,9,52,1358.39,False,43.83,2.561,0.0,0.0,0.0,0.0,0.0,214.8780453,6.415,B,125833,False,False,False,False,8,2,2010
2010-02-26,9,54,54.0,False,43.83,2.561,0.0,0.0,0.0,0.0,0.0,214.8780453,6.415,B,125833,False,False,False,False,8,2,2010
2010-02-26,9,55,8193.04,False,43.83,2.561,0.0,0.0,0.0,0.0,0.0,214.8780453,6.415,B,125833,False,False,False,False,8,2,2010
2010-02-26,9,56,1001.09,False,43.83,2.561,0.0,0.0,0.0,0.0,0.0,214.8780453,6.415,B,125833,False,False,False,False,8,2,2010
2010-02-26,9,59,234.23,False,43.83,2.561,0.0,0.0,0.0,0.0,0.0,214.8780453,6.415,B,125833,False,False,False,False,8,2,2010
2010-02-26,9,67,2802.32,False,43.83,2.561,0.0,0.0,0.0,0.0,0.0,214.8780453,6.415,B,125833,False,False,False,False,8,2,2010
2010-02-26,9,71,1995.42,False,43.83,2.561,0.0,0.0,0.0,0.0,0.0,214.8780453,6.415,B,125833,False,False,False,False,8,2,2010
2010-02-26,9,72,35462.84,False,43.83,2.561,0.0,0.0,0.0,0.0,0.0,214.8780453,6.415,B,125833,False,False,False,False,8,2,2010
2010-02-26,9,74,6753.75,False,43.83,2.561,0.0,0.0,0.0,0.0,0.0,214.8780453,6.415,B,125833,False,False,False,False,8,2,2010
2010-02-26,9,79,13050.23,False,43.83,2.561,0.0,0.0,0.0,0.0,0.0,214.8780453,6.415,B,125833,False,False,False,False,8,2,2010
2010-02-26,9,80,10.27,False,43.83,2.561,0.0,0.0,0.0,0.0,0.0,214.8780453,6.415,B,125833,False,False,False,False,8,2,2010
2010-02-26,9,81,2276.32,False,43.83,2.561,0.0,0.0,0.0,0.0,0.0,214.8780453,6.415,B,125833,False,False,False,False,8,2,2010
2010-02-26,9,82,8272.26,False,43.83,2.561,0.0,0.0,0.0,0.0,0.0,214.8780453,6.415,B,125833,False,False,False,False,8,2,2010
2010-02-26,9,85,689.95,False,43.83,2.561,0.0,0.0,0.0,0.0,0.0,214.8780453,6.415,B,125833,False,False,False,False,8,2,2010
2010-02-26,9,87,7896.14,False,43.83,2.561,0.0,0.0,0.0,0.0,0.0,214.8780453,6.415,B,125833,False,False,False,False,8,2,2010
2010-02-26,9,90,2386.49,False,43.83,2.561,0.0,0.0,0.0,0.0,0.0,214.8780453,6.415,B,125833,False,False,False,False,8,2,2010
2010-02-26,9,91,470.43,False,43.83,2.561,0.0,0.0,0.0,0.0,0.0,214.8780453,6.415,B,125833,False,False,False,False,8,2,2010
2010-02-26,9,92,10786.42,False,43.83,2.561,0.0,0.0,0.0,0.0,0.0,214.8780453,6.415,B,125833,False,False,False,False,8,2,2010
2010-02-26,9,95,21780.08,False,43.83,2.561,0.0,0.0,0.0,0.0,0.0,214.8780453,6.415,B,125833,False,False,False,False,8,2,2010
2010-02-26,9,96,2423.55,False,43.83,2.561,0.0,0.0,0.0,0.0,0.0,214.8780453,6.415,B,125833,False,False,False,False,8,2,2010
2010-02-26,9,97,580.74,False,43.83,2.561,0.0,0.0,0.0,0.0,0.0,214.8780453,6.415,B,125833,False,False,False,False,8,2,2010
2010-03-05,9,1,10438.47,False,48.43,2.625,0.0,0.0,0.0,0.0,0.0,214.9054721,6.415,B,125833,False,False,False,False,9,3,2010
2010-03-05,9,2,23609.13,False,48.43,2.625,0.0,0.0,0.0,0.0,0.0,214.9054721,6.415,B,125833,False,False,False,False,9,3,2010
2010-03-05,9,3,5723.9,False,48.43,2.625,0.0,0.0,0.0,0.0,0.0,214.9054721,6.415,B,125833,False,False,False,False,9,3,2010
2010-03-05,9,4,16630.68,False,48.43,2.625,0.0,0.0,0.0,0.0,0.0,214.9054721,6.415,B,125833,False,False,False,False,9,3,2010
2010-03-05,9,5,16342.21,False,48.43,2.625,0.0,0.0,0.0,0.0,0.0,214.9054721,6.415,B,125833,False,False,False,False,9,3,2010
2010-03-05,9,6,3092.55,False,48.43,2.625,0.0,0.0,0.0,0.0,0.0,214.9054721,6.415,B,125833,False,False,False,False,9,3,2010
2010-03-05,9,7,8990.46,False,48.43,2.625,0.0,0.0,0.0,0.0,0.0,214.9054721,6.415,B,125833,False,False,False,False,9,3,2010
2010-03-05,9,8,21710.61,False,48.43,2.625,0.0,0.0,0.0,0.0,0.0,214.9054721,6.415,B,125833,False,False,False,False,9,3,2010
2010-03-05,9,9,10540.89,False,48.43,2.625,0.0,0.0,0.0,0.0,0.0,214.9054721,6.415,B,125833,False,False,False,False,9,3,2010
2010-03-05,9,10,10665.1,False,48.43,2.625,0.0,0.0,0.0,0.0,0.0,214.9054721,6.415,B,125833,False,False,False,False,9,3,2010
2010-03-05,9,11,11278.03,False,48.43,2.625,0.0,0.0,0.0,0.0,0.0,214.9054721,6.415,B,125833,False,False,False,False,9,3,2010
2010-03-05,9,12,6154.59,False,48.43,2.625,0.0,0.0,0.0,0.0,0.0,214.9054721,6.415,B,125833,False,False,False,False,9,3,2010
2010-03-05,9,13,23180.01,False,48.43,2.625,0.0,0.0,0.0,0.0,0.0,214.9054721,6.415,B,125833,False,False,False,False,9,3,2010
2010-03-05,9,14,7307.0,False,48.43,2.625,0.0,0.0,0.0,0.0,0.0,214.9054721,6.415,B,125833,False,False,False,False,9,3,2010
2010-03-05,9,16,9651.79,False,48.43,2.625,0.0,0.0,0.0,0.0,0.0,214.9054721,6.415,B,125833,False,False,False,False,9,3,2010
2010-03-05,9,17,4655.48,False,48.43,2.625,0.0,0.0,0.0,0.0,0.0,214.9054721,6.415,B,125833,False,False,False,False,9,3,2010
2010-03-05,9,18,494.66,False,48.43,2.625,0.0,0.0,0.0,0.0,0.0,214.9054721,6.415,B,125833,False,False,False,False,9,3,2010
2010-03-05,9,19,1291.15,False,48.43,2.625,0.0,0.0,0.0,0.0,0.0,214.9054721,6.415,B,125833,False,False,False,False,9,3,2010
2010-03-05,9,20,2567.46,False,48.43,2.625,0.0,0.0,0.0,0.0,0.0,214.9054721,6.415,B,125833,False,False,False,False,9,3,2010
2010-03-05,9,21,3993.07,False,48.43,2.625,0.0,0.0,0.0,0.0,0.0,214.9054721,6.415,B,125833,False,False,False,False,9,3,2010
2010-03-05,9,22,5209.72,False,48.43,2.625,0.0,0.0,0.0,0.0,0.0,214.9054721,6.415,B,125833,False,False,False,False,9,3,2010
2010-03-05,9,23,9085.97,False,48.43,2.625,0.0,0.0,0.0,0.0,0.0,214.9054721,6.415,B,125833,False,False,False,False,9,3,2010
2010-03-05,9,24,2503.48,False,48.43,2.625,0.0,0.0,0.0,0.0,0.0,214.9054721,6.415,B,125833,False,False,False,False,9,3,2010
2010-03-05,9,25,5337.5,False,48.43,2.625,0.0,0.0,0.0,0.0,0.0,214.9054721,6.415,B,125833,False,False,False,False,9,3,2010
2010-03-05,9,26,4226.72,False,48.43,2.625,0.0,0.0,0.0,0.0,0.0,214.9054721,6.415,B,125833,False,False,False,False,9,3,2010
2010-03-05,9,27,849.0,False,48.43,2.625,0.0,0.0,0.0,0.0,0.0,214.9054721,6.415,B,125833,False,False,False,False,9,3,2010
2010-03-05,9,28,314.15,False,48.43,2.625,0.0,0.0,0.0,0.0,0.0,214.9054721,6.415,B,125833,False,False,False,False,9,3,2010
2010-03-05,9,29,2110.94,False,48.43,2.625,0.0,0.0,0.0,0.0,0.0,214.9054721,6.415,B,125833,False,False,False,False,9,3,2010
2010-03-05,9,30,2004.5,False,48.43,2.625,0.0,0.0,0.0,0.0,0.0,214.9054721,6.415,B,125833,False,False,False,False,9,3,2010
2010-03-05,9,31,1080.84,False,48.43,2.625,0.0,0.0,0.0,0.0,0.0,214.9054721,6.415,B,125833,False,False,False,False,9,3,2010
2010-03-05,9,32,2550.2,False,48.43,2.625,0.0,0.0,0.0,0.0,0.0,214.9054721,6.415,B,125833,False,False,False,False,9,3,2010
2010-03-05,9,33,2490.25,False,48.43,2.625,0.0,0.0,0.0,0.0,0.0,214.9054721,6.415,B,125833,False,False,False,False,9,3,2010
2010-03-05,9,34,8032.98,False,48.43,2.625,0.0,0.0,0.0,0.0,0.0,214.9054721,6.415,B,125833,False,False,False,False,9,3,2010
2010-03-05,9,35,1673.0,False,48.43,2.625,0.0,0.0,0.0,0.0,0.0,214.9054721,6.415,B,125833,False,False,False,False,9,3,2010
2010-03-05,9,36,178.0,False,48.43,2.625,0.0,0.0,0.0,0.0,0.0,214.9054721,6.415,B,125833,False,False,False,False,9,3,2010
2010-03-05,9,38,88761.58,False,48.43,2.625,0.0,0.0,0.0,0.0,0.0,214.9054721,6.415,B,125833,False,False,False,False,9,3,2010
2010-03-05,9,40,31031.84,False,48.43,2.625,0.0,0.0,0.0,0.0,0.0,214.9054721,6.415,B,125833,False,False,False,False,9,3,2010
2010-03-05,9,41,639.0,False,48.43,2.625,0.0,0.0,0.0,0.0,0.0,214.9054721,6.415,B,125833,False,False,False,False,9,3,2010
2010-03-05,9,42,2254.61,False,48.43,2.625,0.0,0.0,0.0,0.0,0.0,214.9054721,6.415,B,125833,False,False,False,False,9,3,2010
2010-03-05,9,44,2505.93,False,48.43,2.625,0.0,0.0,0.0,0.0,0.0,214.9054721,6.415,B,125833,False,False,False,False,9,3,2010
2010-03-05,9,45,2.0,False,48.43,2.625,0.0,0.0,0.0,0.0,0.0,214.9054721,6.415,B,125833,False,False,False,False,9,3,2010
2010-03-05,9,46,7214.14,False,48.43,2.625,0.0,0.0,0.0,0.0,0.0,214.9054721,6.415,B,125833,False,False,False,False,9,3,2010
2010-03-05,9,51,1.0,False,48.43,2.625,0.0,0.0,0.0,0.0,0.0,214.9054721,6.415,B,125833,False,False,False,False,9,3,2010
2010-03-05,9,52,1469.53,False,48.43,2.625,0.0,0.0,0.0,0.0,0.0,214.9054721,6.415,B,125833,False,False,False,False,9,3,2010
2010-03-05,9,54,93.0,False,48.43,2.625,0.0,0.0,0.0,0.0,0.0,214.9054721,6.415,B,125833,False,False,False,False,9,3,2010
2010-03-05,9,55,7987.16,False,48.43,2.625,0.0,0.0,0.0,0.0,0.0,214.9054721,6.415,B,125833,False,False,False,False,9,3,2010
2010-03-05,9,56,2481.26,False,48.43,2.625,0.0,0.0,0.0,0.0,0.0,214.9054721,6.415,B,125833,False,False,False,False,9,3,2010
2010-03-05,9,59,270.26,False,48.43,2.625,0.0,0.0,0.0,0.0,0.0,214.9054721,6.415,B,125833,False,False,False,False,9,3,2010
2010-03-05,9,67,2988.02,False,48.43,2.625,0.0,0.0,0.0,0.0,0.0,214.9054721,6.415,B,125833,False,False,False,False,9,3,2010
2010-03-05,9,71,1629.47,False,48.43,2.625,0.0,0.0,0.0,0.0,0.0,214.9054721,6.415,B,125833,False,False,False,False,9,3,2010
2010-03-05,9,72,29803.97,False,48.43,2.625,0.0,0.0,0.0,0.0,0.0,214.9054721,6.415,B,125833,False,False,False,False,9,3,2010
2010-03-05,9,74,7475.04,False,48.43,2.625,0.0,0.0,0.0,0.0,0.0,214.9054721,6.415,B,125833,False,False,False,False,9,3,2010
2010-03-05,9,79,14027.76,False,48.43,2.625,0.0,0.0,0.0,0.0,0.0,214.9054721,6.415,B,125833,False,False,False,False,9,3,2010
2010-03-05,9,81,2240.87,False,48.43,2.625,0.0,0.0,0.0,0.0,0.0,214.9054721,6.415,B,125833,False,False,False,False,9,3,2010
2010-03-05,9,82,8466.62,False,48.43,2.625,0.0,0.0,0.0,0.0,0.0,214.9054721,6.415,B,125833,False,False,False,False,9,3,2010
2010-03-05,9,85,632.13,False,48.43,2.625,0.0,0.0,0.0,0.0,0.0,214.9054721,6.415,B,125833,False,False,False,False,9,3,2010
2010-03-05,9,87,9983.61,False,48.43,2.625,0.0,0.0,0.0,0.0,0.0,214.9054721,6.415,B,125833,False,False,False,False,9,3,2010
2010-03-05,9,90,2369.01,False,48.43,2.625,0.0,0.0,0.0,0.0,0.0,214.9054721,6.415,B,125833,False,False,False,False,9,3,2010
2010-03-05,9,91,679.47,False,48.43,2.625,0.0,0.0,0.0,0.0,0.0,214.9054721,6.415,B,125833,False,False,False,False,9,3,2010
2010-03-05,9,92,11176.21,False,48.43,2.625,0.0,0.0,0.0,0.0,0.0,214.9054721,6.415,B,125833,False,False,False,False,9,3,2010
2010-03-05,9,95,22187.57,False,48.43,2.625,0.0,0.0,0.0,0.0,0.0,214.9054721,6.415,B,125833,False,False,False,False,9,3,2010
2010-03-05,9,96,2591.28,False,48.43,2.625,0.0,0.0,0.0,0.0,0.0,214.9054721,6.415,B,125833,False,False,False,False,9,3,2010
2010-03-05,9,97,371.05,False,48.43,2.625,0.0,0.0,0.0,0.0,0.0,214.9054721,6.415,B,125833,False,False,False,False,9,3,2010
2010-03-12,9,1,11004.74,False,55.76,2.667,0.0,0.0,0.0,0.0,0.0,214.932899,6.415,B,125833,False,False,False,False,10,3,2010
2010-03-12,9,2,22443.05,False,55.76,2.667,0.0,0.0,0.0,0.0,0.0,214.932899,6.415,B,125833,False,False,False,False,10,3,2010
2010-03-12,9,3,5267.07,False,55.76,2.667,0.0,0.0,0.0,0.0,0.0,214.932899,6.415,B,125833,False,False,False,False,10,3,2010
2010-03-12,9,4,15035.13,False,55.76,2.667,0.0,0.0,0.0,0.0,0.0,214.932899,6.415,B,125833,False,False,False,False,10,3,2010
2010-03-12,9,5,19318.59,False,55.76,2.667,0.0,0.0,0.0,0.0,0.0,214.932899,6.415,B,125833,False,False,False,False,10,3,2010
2010-03-12,9,6,2199.68,False,55.76,2.667,0.0,0.0,0.0,0.0,0.0,214.932899,6.415,B,125833,False,False,False,False,10,3,2010
2010-03-12,9,7,10662.87,False,55.76,2.667,0.0,0.0,0.0,0.0,0.0,214.932899,6.415,B,125833,False,False,False,False,10,3,2010
2010-03-12,9,8,20503.15,False,55.76,2.667,0.0,0.0,0.0,0.0,0.0,214.932899,6.415,B,125833,False,False,False,False,10,3,2010
2010-03-12,9,9,9866.57,False,55.76,2.667,0.0,0.0,0.0,0.0,0.0,214.932899,6.415,B,125833,False,False,False,False,10,3,2010
2010-03-12,9,10,11662.75,False,55.76,2.667,0.0,0.0,0.0,0.0,0.0,214.932899,6.415,B,125833,False,False,False,False,10,3,2010
2010-03-12,9,11,10501.05,False,55.76,2.667,0.0,0.0,0.0,0.0,0.0,214.932899,6.415,B,125833,False,False,False,False,10,3,2010
2010-03-12,9,12,6255.85,False,55.76,2.667,0.0,0.0,0.0,0.0,0.0,214.932899,6.415,B,125833,False,False,False,False,10,3,2010
2010-03-12,9,13,21486.67,False,55.76,2.667,0.0,0.0,0.0,0.0,0.0,214.932899,6.415,B,125833,False,False,False,False,10,3,2010
2010-03-12,9,14,6732.71,False,55.76,2.667,0.0,0.0,0.0,0.0,0.0,214.932899,6.415,B,125833,False,False,False,False,10,3,2010
2010-03-12,9,16,10164.48,False,55.76,2.667,0.0,0.0,0.0,0.0,0.0,214.932899,6.415,B,125833,False,False,False,False,10,3,2010
2010-03-12,9,17,5119.2,False,55.76,2.667,0.0,0.0,0.0,0.0,0.0,214.932899,6.415,B,125833,False,False,False,False,10,3,2010
2010-03-12,9,18,1500.08,False,55.76,2.667,0.0,0.0,0.0,0.0,0.0,214.932899,6.415,B,125833,False,False,False,False,10,3,2010
2010-03-12,9,19,1742.34,False,55.76,2.667,0.0,0.0,0.0,0.0,0.0,214.932899,6.415,B,125833,False,False,False,False,10,3,2010
2010-03-12,9,20,2752.28,False,55.76,2.667,0.0,0.0,0.0,0.0,0.0,214.932899,6.415,B,125833,False,False,False,False,10,3,2010
2010-03-12,9,21,4214.38,False,55.76,2.667,0.0,0.0,0.0,0.0,0.0,214.932899,6.415,B,125833,False,False,False,False,10,3,2010
2010-03-12,9,22,4885.31,False,55.76,2.667,0.0,0.0,0.0,0.0,0.0,214.932899,6.415,B,125833,False,False,False,False,10,3,2010
2010-03-12,9,23,9113.01,False,55.76,2.667,0.0,0.0,0.0,0.0,0.0,214.932899,6.415,B,125833,False,False,False,False,10,3,2010
2010-03-12,9,24,2214.56,False,55.76,2.667,0.0,0.0,0.0,0.0,0.0,214.932899,6.415,B,125833,False,False,False,False,10,3,2010
2010-03-12,9,25,5852.75,False,55.76,2.667,0.0,0.0,0.0,0.0,0.0,214.932899,6.415,B,125833,False,False,False,False,10,3,2010
2010-03-12,9,26,3840.96,False,55.76,2.667,0.0,0.0,0.0,0.0,0.0,214.932899,6.415,B,125833,False,False,False,False,10,3,2010
2010-03-12,9,27,876.25,False,55.76,2.667,0.0,0.0,0.0,0.0,0.0,214.932899,6.415,B,125833,False,False,False,False,10,3,2010
2010-03-12,9,28,493.91,False,55.76,2.667,0.0,0.0,0.0,0.0,0.0,214.932899,6.415,B,125833,False,False,False,False,10,3,2010
2010-03-12,9,29,1741.94,False,55.76,2.667,0.0,0.0,0.0,0.0,0.0,214.932899,6.415,B,125833,False,False,False,False,10,3,2010
2010-03-12,9,30,1657.0,False,55.76,2.667,0.0,0.0,0.0,0.0,0.0,214.932899,6.415,B,125833,False,False,False,False,10,3,2010
2010-03-12,9,31,871.69,False,55.76,2.667,0.0,0.0,0.0,0.0,0.0,214.932899,6.415,B,125833,False,False,False,False,10,3,2010
2010-03-12,9,32,4160.96,False,55.76,2.667,0.0,0.0,0.0,0.0,0.0,214.932899,6.415,B,125833,False,False,False,False,10,3,2010
2010-03-12,9,33,2158.13,False,55.76,2.667,0.0,0.0,0.0,0.0,0.0,214.932899,6.415,B,125833,False,False,False,False,10,3,2010
2010-03-12,9,34,6321.15,False,55.76,2.667,0.0,0.0,0.0,0.0,0.0,214.932899,6.415,B,125833,False,False,False,False,10,3,2010
2010-03-12,9,35,1382.0,False,55.76,2.667,0.0,0.0,0.0,0.0,0.0,214.932899,6.415,B,125833,False,False,False,False,10,3,2010
2010-03-12,9,36,428.5,False,55.76,2.667,0.0,0.0,0.0,0.0,0.0,214.932899,6.415,B,125833,False,False,False,False,10,3,2010
2010-03-12,9,38,79396.39,False,55.76,2.667,0.0,0.0,0.0,0.0,0.0,214.932899,6.415,B,125833,False,False,False,False,10,3,2010
2010-03-12,9,40,29915.94,False,55.76,2.667,0.0,0.0,0.0,0.0,0.0,214.932899,6.415,B,125833,False,False,False,False,10,3,2010
2010-03-12,9,41,188.0,False,55.76,2.667,0.0,0.0,0.0,0.0,0.0,214.932899,6.415,B,125833,False,False,False,False,10,3,2010
2010-03-12,9,42,3000.02,False,55.76,2.667,0.0,0.0,0.0,0.0,0.0,214.932899,6.415,B,125833,False,False,False,False,10,3,2010
2010-03-12,9,44,2191.93,False,55.76,2.667,0.0,0.0,0.0,0.0,0.0,214.932899,6.415,B,125833,False,False,False,False,10,3,2010
2010-03-12,9,46,6667.99,False,55.76,2.667,0.0,0.0,0.0,0.0,0.0,214.932899,6.415,B,125833,False,False,False,False,10,3,2010
2010-03-12,9,52,1246.0,False,55.76,2.667,0.0,0.0,0.0,0.0,0.0,214.932899,6.415,B,125833,False,False,False,False,10,3,2010
2010-03-12,9,54,114.0,False,55.76,2.667,0.0,0.0,0.0,0.0,0.0,214.932899,6.415,B,125833,False,False,False,False,10,3,2010
2010-03-12,9,55,9241.66,False,55.76,2.667,0.0,0.0,0.0,0.0,0.0,214.932899,6.415,B,125833,False,False,False,False,10,3,2010
2010-03-12,9,56,3152.92,False,55.76,2.667,0.0,0.0,0.0,0.0,0.0,214.932899,6.415,B,125833,False,False,False,False,10,3,2010
2010-03-12,9,59,184.18,False,55.76,2.667,0.0,0.0,0.0,0.0,0.0,214.932899,6.415,B,125833,False,False,False,False,10,3,2010
2010-03-12,9,67,2840.37,False,55.76,2.667,0.0,0.0,0.0,0.0,0.0,214.932899,6.415,B,125833,False,False,False,False,10,3,2010
2010-03-12,9,71,1695.97,False,55.76,2.667,0.0,0.0,0.0,0.0,0.0,214.932899,6.415,B,125833,False,False,False,False,10,3,2010
2010-03-12,9,72,34503.32,False,55.76,2.667,0.0,0.0,0.0,0.0,0.0,214.932899,6.415,B,125833,False,False,False,False,10,3,2010
2010-03-12,9,74,6643.49,False,55.76,2.667,0.0,0.0,0.0,0.0,0.0,214.932899,6.415,B,125833,False,False,False,False,10,3,2010
2010-03-12,9,79,12154.11,False,55.76,2.667,0.0,0.0,0.0,0.0,0.0,214.932899,6.415,B,125833,False,False,False,False,10,3,2010
2010-03-12,9,80,2.48,False,55.76,2.667,0.0,0.0,0.0,0.0,0.0,214.932899,6.415,B,125833,False,False,False,False,10,3,2010
2010-03-12,9,81,2231.34,False,55.76,2.667,0.0,0.0,0.0,0.0,0.0,214.932899,6.415,B,125833,False,False,False,False,10,3,2010
2010-03-12,9,82,7931.03,False,55.76,2.667,0.0,0.0,0.0,0.0,0.0,214.932899,6.415,B,125833,False,False,False,False,10,3,2010
2010-03-12,9,85,498.72,False,55.76,2.667,0.0,0.0,0.0,0.0,0.0,214.932899,6.415,B,125833,False,False,False,False,10,3,2010
2010-03-12,9,87,7300.0,False,55.76,2.667,0.0,0.0,0.0,0.0,0.0,214.932899,6.415,B,125833,False,False,False,False,10,3,2010
2010-03-12,9,90,2284.59,False,55.76,2.667,0.0,0.0,0.0,0.0,0.0,214.932899,6.415,B,125833,False,False,False,False,10,3,2010
2010-03-12,9,91,487.13,False,55.76,2.667,0.0,0.0,0.0,0.0,0.0,214.932899,6.415,B,125833,False,False,False,False,10,3,2010
2010-03-12,9,92,10392.8,False,55.76,2.667,0.0,0.0,0.0,0.0,0.0,214.932899,6.415,B,125833,False,False,False,False,10,3,2010
2010-03-12,9,95,22367.35,False,55.76,2.667,0.0,0.0,0.0,0.0,0.0,214.932899,6.415,B,125833,False,False,False,False,10,3,2010
2010-03-12,9,96,2922.8,False,55.76,2.667,0.0,0.0,0.0,0.0,0.0,214.932899,6.415,B,125833,False,False,False,False,10,3,2010
2010-03-12,9,97,160.51,False,55.76,2.667,0.0,0.0,0.0,0.0,0.0,214.932899,6.415,B,125833,False,False,False,False,10,3,2010
2010-03-19,9,1,9813.87,False,53.15,2.72,0.0,0.0,0.0,0.0,0.0,214.7597274,6.415,B,125833,False,False,False,False,11,3,2010
2010-03-19,9,2,21846.4,False,53.15,2.72,0.0,0.0,0.0,0.0,0.0,214.7597274,6.415,B,125833,False,False,False,False,11,3,2010
2010-03-19,9,3,4214.67,False,53.15,2.72,0.0,0.0,0.0,0.0,0.0,214.7597274,6.415,B,125833,False,False,False,False,11,3,2010
2010-03-19,9,4,14729.52,False,53.15,2.72,0.0,0.0,0.0,0.0,0.0,214.7597274,6.415,B,125833,False,False,False,False,11,3,2010
2010-03-19,9,5,21287.64,False,53.15,2.72,0.0,0.0,0.0,0.0,0.0,214.7597274,6.415,B,125833,False,False,False,False,11,3,2010
2010-03-19,9,6,2693.87,False,53.15,2.72,0.0,0.0,0.0,0.0,0.0,214.7597274,6.415,B,125833,False,False,False,False,11,3,2010
2010-03-19,9,7,11322.88,False,53.15,2.72,0.0,0.0,0.0,0.0,0.0,214.7597274,6.415,B,125833,False,False,False,False,11,3,2010
2010-03-19,9,8,21621.17,False,53.15,2.72,0.0,0.0,0.0,0.0,0.0,214.7597274,6.415,B,125833,False,False,False,False,11,3,2010
2010-03-19,9,9,10064.15,False,53.15,2.72,0.0,0.0,0.0,0.0,0.0,214.7597274,6.415,B,125833,False,False,False,False,11,3,2010
2010-03-19,9,10,12385.42,False,53.15,2.72,0.0,0.0,0.0,0.0,0.0,214.7597274,6.415,B,125833,False,False,False,False,11,3,2010
2010-03-19,9,11,12068.18,False,53.15,2.72,0.0,0.0,0.0,0.0,0.0,214.7597274,6.415,B,125833,False,False,False,False,11,3,2010
2010-03-19,9,12,6669.24,False,53.15,2.72,0.0,0.0,0.0,0.0,0.0,214.7597274,6.415,B,125833,False,False,False,False,11,3,2010
2010-03-19,9,13,20636.03,False,53.15,2.72,0.0,0.0,0.0,0.0,0.0,214.7597274,6.415,B,125833,False,False,False,False,11,3,2010
2010-03-19,9,14,6227.8,False,53.15,2.72,0.0,0.0,0.0,0.0,0.0,214.7597274,6.415,B,125833,False,False,False,False,11,3,2010
2010-03-19,9,16,17653.99,False,53.15,2.72,0.0,0.0,0.0,0.0,0.0,214.7597274,6.415,B,125833,False,False,False,False,11,3,2010
2010-03-19,9,17,4355.14,False,53.15,2.72,0.0,0.0,0.0,0.0,0.0,214.7597274,6.415,B,125833,False,False,False,False,11,3,2010
2010-03-19,9,18,1470.8,False,53.15,2.72,0.0,0.0,0.0,0.0,0.0,214.7597274,6.415,B,125833,False,False,False,False,11,3,2010
2010-03-19,9,19,1529.36,False,53.15,2.72,0.0,0.0,0.0,0.0,0.0,214.7597274,6.415,B,125833,False,False,False,False,11,3,2010
2010-03-19,9,20,2172.04,False,53.15,2.72,0.0,0.0,0.0,0.0,0.0,214.7597274,6.415,B,125833,False,False,False,False,11,3,2010
2010-03-19,9,21,4123.25,False,53.15,2.72,0.0,0.0,0.0,0.0,0.0,214.7597274,6.415,B,125833,False,False,False,False,11,3,2010
2010-03-19,9,22,3807.68,False,53.15,2.72,0.0,0.0,0.0,0.0,0.0,214.7597274,6.415,B,125833,False,False,False,False,11,3,2010
2010-03-19,9,23,7915.6,False,53.15,2.72,0.0,0.0,0.0,0.0,0.0,214.7597274,6.415,B,125833,False,False,False,False,11,3,2010
2010-03-19,9,24,1799.62,False,53.15,2.72,0.0,0.0,0.0,0.0,0.0,214.7597274,6.415,B,125833,False,False,False,False,11,3,2010
2010-03-19,9,25,5503.75,False,53.15,2.72,0.0,0.0,0.0,0.0,0.0,214.7597274,6.415,B,125833,False,False,False,False,11,3,2010
2010-03-19,9,26,3673.73,False,53.15,2.72,0.0,0.0,0.0,0.0,0.0,214.7597274,6.415,B,125833,False,False,False,False,11,3,2010
2010-03-19,9,27,796.0,False,53.15,2.72,0.0,0.0,0.0,0.0,0.0,214.7597274,6.415,B,125833,False,False,False,False,11,3,2010
2010-03-19,9,28,334.74,False,53.15,2.72,0.0,0.0,0.0,0.0,0.0,214.7597274,6.415,B,125833,False,False,False,False,11,3,2010
2010-03-19,9,29,1592.44,False,53.15,2.72,0.0,0.0,0.0,0.0,0.0,214.7597274,6.415,B,125833,False,False,False,False,11,3,2010
2010-03-19,9,30,1518.5,False,53.15,2.72,0.0,0.0,0.0,0.0,0.0,214.7597274,6.415,B,125833,False,False,False,False,11,3,2010
2010-03-19,9,31,635.88,False,53.15,2.72,0.0,0.0,0.0,0.0,0.0,214.7597274,6.415,B,125833,False,False,False,False,11,3,2010
2010-03-19,9,32,4179.85,False,53.15,2.72,0.0,0.0,0.0,0.0,0.0,214.7597274,6.415,B,125833,False,False,False,False,11,3,2010
2010-03-19,9,33,1615.75,False,53.15,2.72,0.0,0.0,0.0,0.0,0.0,214.7597274,6.415,B,125833,False,False,False,False,11,3,2010
2010-03-19,9,34,6350.98,False,53.15,2.72,0.0,0.0,0.0,0.0,0.0,214.7597274,6.415,B,125833,False,False,False,False,11,3,2010
2010-03-19,9,35,1651.0,False,53.15,2.72,0.0,0.0,0.0,0.0,0.0,214.7597274,6.415,B,125833,False,False,False,False,11,3,2010
2010-03-19,9,36,790.0,False,53.15,2.72,0.0,0.0,0.0,0.0,0.0,214.7597274,6.415,B,125833,False,False,False,False,11,3,2010
2010-03-19,9,38,73670.7,False,53.15,2.72,0.0,0.0,0.0,0.0,0.0,214.7597274,6.415,B,125833,False,False,False,False,11,3,2010
2010-03-19,9,40,28344.85,False,53.15,2.72,0.0,0.0,0.0,0.0,0.0,214.7597274,6.415,B,125833,False,False,False,False,11,3,2010
2010-03-19,9,41,194.96,False,53.15,2.72,0.0,0.0,0.0,0.0,0.0,214.7597274,6.415,B,125833,False,False,False,False,11,3,2010
2010-03-19,9,42,3604.21,False,53.15,2.72,0.0,0.0,0.0,0.0,0.0,214.7597274,6.415,B,125833,False,False,False,False,11,3,2010
2010-03-19,9,44,2231.08,False,53.15,2.72,0.0,0.0,0.0,0.0,0.0,214.7597274,6.415,B,125833,False,False,False,False,11,3,2010
2010-03-19,9,46,7058.56,False,53.15,2.72,0.0,0.0,0.0,0.0,0.0,214.7597274,6.415,B,125833,False,False,False,False,11,3,2010
2010-03-19,9,52,1420.94,False,53.15,2.72,0.0,0.0,0.0,0.0,0.0,214.7597274,6.415,B,125833,False,False,False,False,11,3,2010
2010-03-19,9,54,81.0,False,53.15,2.72,0.0,0.0,0.0,0.0,0.0,214.7597274,6.415,B,125833,False,False,False,False,11,3,2010
2010-03-19,9,55,9750.58,False,53.15,2.72,0.0,0.0,0.0,0.0,0.0,214.7597274,6.415,B,125833,False,False,False,False,11,3,2010
2010-03-19,9,56,4982.35,False,53.15,2.72,0.0,0.0,0.0,0.0,0.0,214.7597274,6.415,B,125833,False,False,False,False,11,3,2010
2010-03-19,9,59,242.4,False,53.15,2.72,0.0,0.0,0.0,0.0,0.0,214.7597274,6.415,B,125833,False,False,False,False,11,3,2010
2010-03-19,9,67,2900.17,False,53.15,2.72,0.0,0.0,0.0,0.0,0.0,214.7597274,6.415,B,125833,False,False,False,False,11,3,2010
2010-03-19,9,71,1768.5,False,53.15,2.72,0.0,0.0,0.0,0.0,0.0,214.7597274,6.415,B,125833,False,False,False,False,11,3,2010
2010-03-19,9,72,26955.98,False,53.15,2.72,0.0,0.0,0.0,0.0,0.0,214.7597274,6.415,B,125833,False,False,False,False,11,3,2010
2010-03-19,9,74,5602.43,False,53.15,2.72,0.0,0.0,0.0,0.0,0.0,214.7597274,6.415,B,125833,False,False,False,False,11,3,2010
2010-03-19,9,79,12317.3,False,53.15,2.72,0.0,0.0,0.0,0.0,0.0,214.7597274,6.415,B,125833,False,False,False,False,11,3,2010
2010-03-19,9,81,2434.09,False,53.15,2.72,0.0,0.0,0.0,0.0,0.0,214.7597274,6.415,B,125833,False,False,False,False,11,3,2010
2010-03-19,9,82,8328.68,False,53.15,2.72,0.0,0.0,0.0,0.0,0.0,214.7597274,6.415,B,125833,False,False,False,False,11,3,2010
2010-03-19,9,85,792.01,False,53.15,2.72,0.0,0.0,0.0,0.0,0.0,214.7597274,6.415,B,125833,False,False,False,False,11,3,2010
2010-03-19,9,87,8340.95,False,53.15,2.72,0.0,0.0,0.0,0.0,0.0,214.7597274,6.415,B,125833,False,False,False,False,11,3,2010
2010-03-19,9,90,2324.71,False,53.15,2.72,0.0,0.0,0.0,0.0,0.0,214.7597274,6.415,B,125833,False,False,False,False,11,3,2010
2010-03-19,9,91,561.08,False,53.15,2.72,0.0,0.0,0.0,0.0,0.0,214.7597274,6.415,B,125833,False,False,False,False,11,3,2010
2010-03-19,9,92,9636.54,False,53.15,2.72,0.0,0.0,0.0,0.0,0.0,214.7597274,6.415,B,125833,False,False,False,False,11,3,2010
2010-03-19,9,95,20283.64,False,53.15,2.72,0.0,0.0,0.0,0.0,0.0,214.7597274,6.415,B,125833,False,False,False,False,11,3,2010
2010-03-19,9,96,2788.11,False,53.15,2.72,0.0,0.0,0.0,0.0,0.0,214.7597274,6.415,B,125833,False,False,False,False,11,3,2010
2010-03-19,9,97,125.85,False,53.15,2.72,0.0,0.0,0.0,0.0,0.0,214.7597274,6.415,B,125833,False,False,False,False,11,3,2010
2010-03-26,9,1,11402.28,False,51.8,2.732,0.0,0.0,0.0,0.0,0.0,214.5531227,6.415,B,125833,False,False,False,False,12,3,2010
2010-03-26,9,2,21750.09,False,51.8,2.732,0.0,0.0,0.0,0.0,0.0,214.5531227,6.415,B,125833,False,False,False,False,12,3,2010
2010-03-26,9,3,4615.74,False,51.8,2.732,0.0,0.0,0.0,0.0,0.0,214.5531227,6.415,B,125833,False,False,False,False,12,3,2010
2010-03-26,9,4,15022.76,False,51.8,2.732,0.0,0.0,0.0,0.0,0.0,214.5531227,6.415,B,125833,False,False,False,False,12,3,2010
2010-03-26,9,5,31125.5,False,51.8,2.732,0.0,0.0,0.0,0.0,0.0,214.5531227,6.415,B,125833,False,False,False,False,12,3,2010
2010-03-26,9,6,2787.98,False,51.8,2.732,0.0,0.0,0.0,0.0,0.0,214.5531227,6.415,B,125833,False,False,False,False,12,3,2010
2010-03-26,9,7,7991.0,False,51.8,2.732,0.0,0.0,0.0,0.0,0.0,214.5531227,6.415,B,125833,False,False,False,False,12,3,2010
2010-03-26,9,8,20526.29,False,51.8,2.732,0.0,0.0,0.0,0.0,0.0,214.5531227,6.415,B,125833,False,False,False,False,12,3,2010
2010-03-26,9,9,9547.31,False,51.8,2.732,0.0,0.0,0.0,0.0,0.0,214.5531227,6.415,B,125833,False,False,False,False,12,3,2010
2010-03-26,9,10,10924.02,False,51.8,2.732,0.0,0.0,0.0,0.0,0.0,214.5531227,6.415,B,125833,False,False,False,False,12,3,2010
2010-03-26,9,11,9691.91,False,51.8,2.732,0.0,0.0,0.0,0.0,0.0,214.5531227,6.415,B,125833,False,False,False,False,12,3,2010
2010-03-26,9,12,5998.11,False,51.8,2.732,0.0,0.0,0.0,0.0,0.0,214.5531227,6.415,B,125833,False,False,False,False,12,3,2010
2010-03-26,9,13,20444.1,False,51.8,2.732,0.0,0.0,0.0,0.0,0.0,214.5531227,6.415,B,125833,False,False,False,False,12,3,2010
2010-03-26,9,14,6172.76,False,51.8,2.732,0.0,0.0,0.0,0.0,0.0,214.5531227,6.415,B,125833,False,False,False,False,12,3,2010
2010-03-26,9,16,15084.93,False,51.8,2.732,0.0,0.0,0.0,0.0,0.0,214.5531227,6.415,B,125833,False,False,False,False,12,3,2010
2010-03-26,9,17,5420.74,False,51.8,2.732,0.0,0.0,0.0,0.0,0.0,214.5531227,6.415,B,125833,False,False,False,False,12,3,2010
2010-03-26,9,18,2548.04,False,51.8,2.732,0.0,0.0,0.0,0.0,0.0,214.5531227,6.415,B,125833,False,False,False,False,12,3,2010
2010-03-26,9,19,1447.03,False,51.8,2.732,0.0,0.0,0.0,0.0,0.0,214.5531227,6.415,B,125833,False,False,False,False,12,3,2010
2010-03-26,9,20,2348.27,False,51.8,2.732,0.0,0.0,0.0,0.0,0.0,214.5531227,6.415,B,125833,False,False,False,False,12,3,2010
2010-03-26,9,21,4248.06,False,51.8,2.732,0.0,0.0,0.0,0.0,0.0,214.5531227,6.415,B,125833,False,False,False,False,12,3,2010
2010-03-26,9,22,3396.35,False,51.8,2.732,0.0,0.0,0.0,0.0,0.0,214.5531227,6.415,B,125833,False,False,False,False,12,3,2010
2010-03-26,9,23,7745.39,False,51.8,2.732,0.0,0.0,0.0,0.0,0.0,214.5531227,6.415,B,125833,False,False,False,False,12,3,2010
2010-03-26,9,24,1655.4,False,51.8,2.732,0.0,0.0,0.0,0.0,0.0,214.5531227,6.415,B,125833,False,False,False,False,12,3,2010
2010-03-26,9,25,5764.25,False,51.8,2.732,0.0,0.0,0.0,0.0,0.0,214.5531227,6.415,B,125833,False,False,False,False,12,3,2010
2010-03-26,9,26,2973.8,False,51.8,2.732,0.0,0.0,0.0,0.0,0.0,214.5531227,6.415,B,125833,False,False,False,False,12,3,2010
2010-03-26,9,27,772.0,False,51.8,2.732,0.0,0.0,0.0,0.0,0.0,214.5531227,6.415,B,125833,False,False,False,False,12,3,2010
2010-03-26,9,28,447.49,False,51.8,2.732,0.0,0.0,0.0,0.0,0.0,214.5531227,6.415,B,125833,False,False,False,False,12,3,2010
2010-03-26,9,29,2001.47,False,51.8,2.732,0.0,0.0,0.0,0.0,0.0,214.5531227,6.415,B,125833,False,False,False,False,12,3,2010
2010-03-26,9,30,1868.5,False,51.8,2.732,0.0,0.0,0.0,0.0,0.0,214.5531227,6.415,B,125833,False,False,False,False,12,3,2010
2010-03-26,9,31,600.96,False,51.8,2.732,0.0,0.0,0.0,0.0,0.0,214.5531227,6.415,B,125833,False,False,False,False,12,3,2010
2010-03-26,9,32,3546.07,False,51.8,2.732,0.0,0.0,0.0,0.0,0.0,214.5531227,6.415,B,125833,False,False,False,False,12,3,2010
2010-03-26,9,33,1409.51,False,51.8,2.732,0.0,0.0,0.0,0.0,0.0,214.5531227,6.415,B,125833,False,False,False,False,12,3,2010
2010-03-26,9,34,5291.82,False,51.8,2.732,0.0,0.0,0.0,0.0,0.0,214.5531227,6.415,B,125833,False,False,False,False,12,3,2010
2010-03-26,9,35,1238.0,False,51.8,2.732,0.0,0.0,0.0,0.0,0.0,214.5531227,6.415,B,125833,False,False,False,False,12,3,2010
2010-03-26,9,36,688.0,False,51.8,2.732,0.0,0.0,0.0,0.0,0.0,214.5531227,6.415,B,125833,False,False,False,False,12,3,2010
2010-03-26,9,38,73889.84,False,51.8,2.732,0.0,0.0,0.0,0.0,0.0,214.5531227,6.415,B,125833,False,False,False,False,12,3,2010
2010-03-26,9,40,28543.36,False,51.8,2.732,0.0,0.0,0.0,0.0,0.0,214.5531227,6.415,B,125833,False,False,False,False,12,3,2010
2010-03-26,9,41,588.0,False,51.8,2.732,0.0,0.0,0.0,0.0,0.0,214.5531227,6.415,B,125833,False,False,False,False,12,3,2010
2010-03-26,9,42,3023.4,False,51.8,2.732,0.0,0.0,0.0,0.0,0.0,214.5531227,6.415,B,125833,False,False,False,False,12,3,2010
2010-03-26,9,44,2537.87,False,51.8,2.732,0.0,0.0,0.0,0.0,0.0,214.5531227,6.415,B,125833,False,False,False,False,12,3,2010
2010-03-26,9,46,6849.61,False,51.8,2.732,0.0,0.0,0.0,0.0,0.0,214.5531227,6.415,B,125833,False,False,False,False,12,3,2010
2010-03-26,9,47,140.0,False,51.8,2.732,0.0,0.0,0.0,0.0,0.0,214.5531227,6.415,B,125833,False,False,False,False,12,3,2010
2010-03-26,9,52,1447.41,False,51.8,2.732,0.0,0.0,0.0,0.0,0.0,214.5531227,6.415,B,125833,False,False,False,False,12,3,2010
2010-03-26,9,54,119.0,False,51.8,2.732,0.0,0.0,0.0,0.0,0.0,214.5531227,6.415,B,125833,False,False,False,False,12,3,2010
2010-03-26,9,55,6465.64,False,51.8,2.732,0.0,0.0,0.0,0.0,0.0,214.5531227,6.415,B,125833,False,False,False,False,12,3,2010
2010-03-26,9,56,4428.63,False,51.8,2.732,0.0,0.0,0.0,0.0,0.0,214.5531227,6.415,B,125833,False,False,False,False,12,3,2010
2010-03-26,9,59,232.49,False,51.8,2.732,0.0,0.0,0.0,0.0,0.0,214.5531227,6.415,B,125833,False,False,False,False,12,3,2010
2010-03-26,9,67,2581.97,False,51.8,2.732,0.0,0.0,0.0,0.0,0.0,214.5531227,6.415,B,125833,False,False,False,False,12,3,2010
2010-03-26,9,71,1288.54,False,51.8,2.732,0.0,0.0,0.0,0.0,0.0,214.5531227,6.415,B,125833,False,False,False,False,12,3,2010
2010-03-26,9,72,28576.12,False,51.8,2.732,0.0,0.0,0.0,0.0,0.0,214.5531227,6.415,B,125833,False,False,False,False,12,3,2010
2010-03-26,9,74,4626.5,False,51.8,2.732,0.0,0.0,0.0,0.0,0.0,214.5531227,6.415,B,125833,False,False,False,False,12,3,2010
2010-03-26,9,79,11798.66,False,51.8,2.732,0.0,0.0,0.0,0.0,0.0,214.5531227,6.415,B,125833,False,False,False,False,12,3,2010
2010-03-26,9,81,2364.23,False,51.8,2.732,0.0,0.0,0.0,0.0,0.0,214.5531227,6.415,B,125833,False,False,False,False,12,3,2010
2010-03-26,9,82,7627.53,False,51.8,2.732,0.0,0.0,0.0,0.0,0.0,214.5531227,6.415,B,125833,False,False,False,False,12,3,2010
2010-03-26,9,85,951.19,False,51.8,2.732,0.0,0.0,0.0,0.0,0.0,214.5531227,6.415,B,125833,False,False,False,False,12,3,2010
2010-03-26,9,87,8596.23,False,51.8,2.732,0.0,0.0,0.0,0.0,0.0,214.5531227,6.415,B,125833,False,False,False,False,12,3,2010
2010-03-26,9,90,2399.54,False,51.8,2.732,0.0,0.0,0.0,0.0,0.0,214.5531227,6.415,B,125833,False,False,False,False,12,3,2010
2010-03-26,9,91,474.07,False,51.8,2.732,0.0,0.0,0.0,0.0,0.0,214.5531227,6.415,B,125833,False,False,False,False,12,3,2010
2010-03-26,9,92,10385.64,False,51.8,2.732,0.0,0.0,0.0,0.0,0.0,214.5531227,6.415,B,125833,False,False,False,False,12,3,2010
2010-03-26,9,93,7.58,False,51.8,2.732,0.0,0.0,0.0,0.0,0.0,214.5531227,6.415,B,125833,False,False,False,False,12,3,2010
2010-03-26,9,95,23791.4,False,51.8,2.732,0.0,0.0,0.0,0.0,0.0,214.5531227,6.415,B,125833,False,False,False,False,12,3,2010
2010-03-26,9,96,2632.94,False,51.8,2.732,0.0,0.0,0.0,0.0,0.0,214.5531227,6.415,B,125833,False,False,False,False,12,3,2010
2010-03-26,9,97,83.24,False,51.8,2.732,0.0,0.0,0.0,0.0,0.0,214.5531227,6.415,B,125833,False,False,False,False,12,3,2010
2010-04-02,9,1,24205.64,False,65.21,2.719,0.0,0.0,0.0,0.0,0.0,214.3465181,6.384,B,125833,False,False,False,False,13,4,2010
2010-04-02,9,2,24100.26,False,65.21,2.719,0.0,0.0,0.0,0.0,0.0,214.3465181,6.384,B,125833,False,False,False,False,13,4,2010
2010-04-02,9,3,5202.53,False,65.21,2.719,0.0,0.0,0.0,0.0,0.0,214.3465181,6.384,B,125833,False,False,False,False,13,4,2010
2010-04-02,9,4,16379.92,False,65.21,2.719,0.0,0.0,0.0,0.0,0.0,214.3465181,6.384,B,125833,False,False,False,False,13,4,2010
2010-04-02,9,5,23148.93,False,65.21,2.719,0.0,0.0,0.0,0.0,0.0,214.3465181,6.384,B,125833,False,False,False,False,13,4,2010
2010-04-02,9,6,2844.82,False,65.21,2.719,0.0,0.0,0.0,0.0,0.0,214.3465181,6.384,B,125833,False,False,False,False,13,4,2010
2010-04-02,9,7,13550.66,False,65.21,2.719,0.0,0.0,0.0,0.0,0.0,214.3465181,6.384,B,125833,False,False,False,False,13,4,2010
2010-04-02,9,8,21022.55,False,65.21,2.719,0.0,0.0,0.0,0.0,0.0,214.3465181,6.384,B,125833,False,False,False,False,13,4,2010
2010-04-02,9,9,10503.1,False,65.21,2.719,0.0,0.0,0.0,0.0,0.0,214.3465181,6.384,B,125833,False,False,False,False,13,4,2010
2010-04-02,9,10,12630.76,False,65.21,2.719,0.0,0.0,0.0,0.0,0.0,214.3465181,6.384,B,125833,False,False,False,False,13,4,2010
2010-04-02,9,11,12707.14,False,65.21,2.719,0.0,0.0,0.0,0.0,0.0,214.3465181,6.384,B,125833,False,False,False,False,13,4,2010
2010-04-02,9,12,7155.92,False,65.21,2.719,0.0,0.0,0.0,0.0,0.0,214.3465181,6.384,B,125833,False,False,False,False,13,4,2010
2010-04-02,9,13,22198.32,False,65.21,2.719,0.0,0.0,0.0,0.0,0.0,214.3465181,6.384,B,125833,False,False,False,False,13,4,2010
2010-04-02,9,14,6213.31,False,65.21,2.719,0.0,0.0,0.0,0.0,0.0,214.3465181,6.384,B,125833,False,False,False,False,13,4,2010
2010-04-02,9,16,28892.41,False,65.21,2.719,0.0,0.0,0.0,0.0,0.0,214.3465181,6.384,B,125833,False,False,False,False,13,4,2010
2010-04-02,9,17,4023.29,False,65.21,2.719,0.0,0.0,0.0,0.0,0.0,214.3465181,6.384,B,125833,False,False,False,False,13,4,2010
2010-04-02,9,18,11447.32,False,65.21,2.719,0.0,0.0,0.0,0.0,0.0,214.3465181,6.384,B,125833,False,False,False,False,13,4,2010
2010-04-02,9,19,1757.39,False,65.21,2.719,0.0,0.0,0.0,0.0,0.0,214.3465181,6.384,B,125833,False,False,False,False,13,4,2010
2010-04-02,9,20,2100.98,False,65.21,2.719,0.0,0.0,0.0,0.0,0.0,214.3465181,6.384,B,125833,False,False,False,False,13,4,2010
2010-04-02,9,21,4155.96,False,65.21,2.719,0.0,0.0,0.0,0.0,0.0,214.3465181,6.384,B,125833,False,False,False,False,13,4,2010
2010-04-02,9,22,3129.92,False,65.21,2.719,0.0,0.0,0.0,0.0,0.0,214.3465181,6.384,B,125833,False,False,False,False,13,4,2010
2010-04-02,9,23,7828.4,False,65.21,2.719,0.0,0.0,0.0,0.0,0.0,214.3465181,6.384,B,125833,False,False,False,False,13,4,2010
2010-04-02,9,24,3024.66,False,65.21,2.719,0.0,0.0,0.0,0.0,0.0,214.3465181,6.384,B,125833,False,False,False,False,13,4,2010
2010-04-02,9,25,6678.5,False,65.21,2.719,0.0,0.0,0.0,0.0,0.0,214.3465181,6.384,B,125833,False,False,False,False,13,4,2010
2010-04-02,9,26,4153.46,False,65.21,2.719,0.0,0.0,0.0,0.0,0.0,214.3465181,6.384,B,125833,False,False,False,False,13,4,2010
2010-04-02,9,27,677.5,False,65.21,2.719,0.0,0.0,0.0,0.0,0.0,214.3465181,6.384,B,125833,False,False,False,False,13,4,2010
2010-04-02,9,28,412.74,False,65.21,2.719,0.0,0.0,0.0,0.0,0.0,214.3465181,6.384,B,125833,False,False,False,False,13,4,2010
2010-04-02,9,29,2139.8,False,65.21,2.719,0.0,0.0,0.0,0.0,0.0,214.3465181,6.384,B,125833,False,False,False,False,13,4,2010
2010-04-02,9,30,1834.0,False,65.21,2.719,0.0,0.0,0.0,0.0,0.0,214.3465181,6.384,B,125833,False,False,False,False,13,4,2010
2010-04-02,9,31,762.92,False,65.21,2.719,0.0,0.0,0.0,0.0,0.0,214.3465181,6.384,B,125833,False,False,False,False,13,4,2010
2010-04-02,9,32,3459.83,False,65.21,2.719,0.0,0.0,0.0,0.0,0.0,214.3465181,6.384,B,125833,False,False,False,False,13,4,2010
2010-04-02,9,33,2498.14,False,65.21,2.719,0.0,0.0,0.0,0.0,0.0,214.3465181,6.384,B,125833,False,False,False,False,13,4,2010
2010-04-02,9,34,7010.98,False,65.21,2.719,0.0,0.0,0.0,0.0,0.0,214.3465181,6.384,B,125833,False,False,False,False,13,4,2010
2010-04-02,9,35,1607.0,False,65.21,2.719,0.0,0.0,0.0,0.0,0.0,214.3465181,6.384,B,125833,False,False,False,False,13,4,2010
2010-04-02,9,36,867.0,False,65.21,2.719,0.0,0.0,0.0,0.0,0.0,214.3465181,6.384,B,125833,False,False,False,False,13,4,2010
2010-04-02,9,38,69583.72,False,65.21,2.719,0.0,0.0,0.0,0.0,0.0,214.3465181,6.384,B,125833,False,False,False,False,13,4,2010
2010-04-02,9,40,29767.52,False,65.21,2.719,0.0,0.0,0.0,0.0,0.0,214.3465181,6.384,B,125833,False,False,False,False,13,4,2010
2010-04-02,9,41,267.0,False,65.21,2.719,0.0,0.0,0.0,0.0,0.0,214.3465181,6.384,B,125833,False,False,False,False,13,4,2010
2010-04-02,9,42,3589.44,False,65.21,2.719,0.0,0.0,0.0,0.0,0.0,214.3465181,6.384,B,125833,False,False,False,False,13,4,2010
2010-04-02,9,44,2707.24,False,65.21,2.719,0.0,0.0,0.0,0.0,0.0,214.3465181,6.384,B,125833,False,False,False,False,13,4,2010
2010-04-02,9,45,2.0,False,65.21,2.719,0.0,0.0,0.0,0.0,0.0,214.3465181,6.384,B,125833,False,False,False,False,13,4,2010
2010-04-02,9,46,7715.19,False,65.21,2.719,0.0,0.0,0.0,0.0,0.0,214.3465181,6.384,B,125833,False,False,False,False,13,4,2010
2010-04-02,9,52,1941.61,False,65.21,2.719,0.0,0.0,0.0,0.0,0.0,214.3465181,6.384,B,125833,False,False,False,False,13,4,2010
2010-04-02,9,54,60.0,False,65.21,2.719,0.0,0.0,0.0,0.0,0.0,214.3465181,6.384,B,125833,False,False,False,False,13,4,2010
2010-04-02,9,55,6603.19,False,65.21,2.719,0.0,0.0,0.0,0.0,0.0,214.3465181,6.384,B,125833,False,False,False,False,13,4,2010
2010-04-02,9,56,9429.6,False,65.21,2.719,0.0,0.0,0.0,0.0,0.0,214.3465181,6.384,B,125833,False,False,False,False,13,4,2010
2010-04-02,9,59,274.87,False,65.21,2.719,0.0,0.0,0.0,0.0,0.0,214.3465181,6.384,B,125833,False,False,False,False,13,4,2010
2010-04-02,9,67,3197.36,False,65.21,2.719,0.0,0.0,0.0,0.0,0.0,214.3465181,6.384,B,125833,False,False,False,False,13,4,2010
2010-04-02,9,71,1402.58,False,65.21,2.719,0.0,0.0,0.0,0.0,0.0,214.3465181,6.384,B,125833,False,False,False,False,13,4,2010
2010-04-02,9,72,24542.92,False,65.21,2.719,0.0,0.0,0.0,0.0,0.0,214.3465181,6.384,B,125833,False,False,False,False,13,4,2010
2010-04-02,9,74,5459.47,False,65.21,2.719,0.0,0.0,0.0,0.0,0.0,214.3465181,6.384,B,125833,False,False,False,False,13,4,2010
2010-04-02,9,79,12534.27,False,65.21,2.719,0.0,0.0,0.0,0.0,0.0,214.3465181,6.384,B,125833,False,False,False,False,13,4,2010
2010-04-02,9,81,2250.69,False,65.21,2.719,0.0,0.0,0.0,0.0,0.0,214.3465181,6.384,B,125833,False,False,False,False,13,4,2010
2010-04-02,9,82,8599.68,False,65.21,2.719,0.0,0.0,0.0,0.0,0.0,214.3465181,6.384,B,125833,False,False,False,False,13,4,2010
2010-04-02,9,85,671.18,False,65.21,2.719,0.0,0.0,0.0,0.0,0.0,214.3465181,6.384,B,125833,False,False,False,False,13,4,2010
2010-04-02,9,87,10037.97,False,65.21,2.719,0.0,0.0,0.0,0.0,0.0,214.3465181,6.384,B,125833,False,False,False,False,13,4,2010
2010-04-02,9,90,2368.75,False,65.21,2.719,0.0,0.0,0.0,0.0,0.0,214.3465181,6.384,B,125833,False,False,False,False,13,4,2010
2010-04-02,9,91,590.04,False,65.21,2.719,0.0,0.0,0.0,0.0,0.0,214.3465181,6.384,B,125833,False,False,False,False,13,4,2010
2010-04-02,9,92,11030.47,False,65.21,2.719,0.0,0.0,0.0,0.0,0.0,214.3465181,6.384,B,125833,False,False,False,False,13,4,2010
2010-04-02,9,93,34.9,False,65.21,2.719,0.0,0.0,0.0,0.0,0.0,214.3465181,6.384,B,125833,False,False,False,False,13,4,2010
2010-04-02,9,95,26738.25,False,65.21,2.719,0.0,0.0,0.0,0.0,0.0,214.3465181,6.384,B,125833,False,False,False,False,13,4,2010
2010-04-02,9,96,3480.35,False,65.21,2.719,0.0,0.0,0.0,0.0,0.0,214.3465181,6.384,B,125833,False,False,False,False,13,4,2010
2010-04-09,9,1,13421.94,False,64.95,2.77,0.0,0.0,0.0,0.0,0.0,214.1399135,6.384,B,125833,False,False,False,False,14,4,2010
2010-04-09,9,2,23219.4,False,64.95,2.77,0.0,0.0,0.0,0.0,0.0,214.1399135,6.384,B,125833,False,False,False,False,14,4,2010
2010-04-09,9,3,4874.85,False,64.95,2.77,0.0,0.0,0.0,0.0,0.0,214.1399135,6.384,B,125833,False,False,False,False,14,4,2010
2010-04-09,9,4,16000.11,False,64.95,2.77,0.0,0.0,0.0,0.0,0.0,214.1399135,6.384,B,125833,False,False,False,False,14,4,2010
2010-04-09,9,5,15791.16,False,64.95,2.77,0.0,0.0,0.0,0.0,0.0,214.1399135,6.384,B,125833,False,False,False,False,14,4,2010
2010-04-09,9,6,4380.8,False,64.95,2.77,0.0,0.0,0.0,0.0,0.0,214.1399135,6.384,B,125833,False,False,False,False,14,4,2010
2010-04-09,9,7,11425.1,False,64.95,2.77,0.0,0.0,0.0,0.0,0.0,214.1399135,6.384,B,125833,False,False,False,False,14,4,2010
2010-04-09,9,8,19262.0,False,64.95,2.77,0.0,0.0,0.0,0.0,0.0,214.1399135,6.384,B,125833,False,False,False,False,14,4,2010
2010-04-09,9,9,15343.06,False,64.95,2.77,0.0,0.0,0.0,0.0,0.0,214.1399135,6.384,B,125833,False,False,False,False,14,4,2010
2010-04-09,9,10,12227.29,False,64.95,2.77,0.0,0.0,0.0,0.0,0.0,214.1399135,6.384,B,125833,False,False,False,False,14,4,2010
2010-04-09,9,11,13086.7,False,64.95,2.77,0.0,0.0,0.0,0.0,0.0,214.1399135,6.384,B,125833,False,False,False,False,14,4,2010
2010-04-09,9,12,5703.21,False,64.95,2.77,0.0,0.0,0.0,0.0,0.0,214.1399135,6.384,B,125833,False,False,False,False,14,4,2010
2010-04-09,9,13,19722.31,False,64.95,2.77,0.0,0.0,0.0,0.0,0.0,214.1399135,6.384,B,125833,False,False,False,False,14,4,2010
2010-04-09,9,14,6097.82,False,64.95,2.77,0.0,0.0,0.0,0.0,0.0,214.1399135,6.384,B,125833,False,False,False,False,14,4,2010
2010-04-09,9,16,23306.83,False,64.95,2.77,0.0,0.0,0.0,0.0,0.0,214.1399135,6.384,B,125833,False,False,False,False,14,4,2010
2010-04-09,9,17,3540.79,False,64.95,2.77,0.0,0.0,0.0,0.0,0.0,214.1399135,6.384,B,125833,False,False,False,False,14,4,2010
2010-04-09,9,18,4594.29,False,64.95,2.77,0.0,0.0,0.0,0.0,0.0,214.1399135,6.384,B,125833,False,False,False,False,14,4,2010
2010-04-09,9,19,1553.47,False,64.95,2.77,0.0,0.0,0.0,0.0,0.0,214.1399135,6.384,B,125833,False,False,False,False,14,4,2010
2010-04-09,9,20,1680.26,False,64.95,2.77,0.0,0.0,0.0,0.0,0.0,214.1399135,6.384,B,125833,False,False,False,False,14,4,2010
2010-04-09,9,21,3465.4,False,64.95,2.77,0.0,0.0,0.0,0.0,0.0,214.1399135,6.384,B,125833,False,False,False,False,14,4,2010
2010-04-09,9,22,3422.82,False,64.95,2.77,0.0,0.0,0.0,0.0,0.0,214.1399135,6.384,B,125833,False,False,False,False,14,4,2010
2010-04-09,9,23,9315.4,False,64.95,2.77,0.0,0.0,0.0,0.0,0.0,214.1399135,6.384,B,125833,False,False,False,False,14,4,2010
2010-04-09,9,24,2399.2,False,64.95,2.77,0.0,0.0,0.0,0.0,0.0,214.1399135,6.384,B,125833,False,False,False,False,14,4,2010
2010-04-09,9,25,6987.25,False,64.95,2.77,0.0,0.0,0.0,0.0,0.0,214.1399135,6.384,B,125833,False,False,False,False,14,4,2010
2010-04-09,9,26,4311.93,False,64.95,2.77,0.0,0.0,0.0,0.0,0.0,214.1399135,6.384,B,125833,False,False,False,False,14,4,2010
2010-04-09,9,27,610.5,False,64.95,2.77,0.0,0.0,0.0,0.0,0.0,214.1399135,6.384,B,125833,False,False,False,False,14,4,2010
2010-04-09,9,28,407.07,False,64.95,2.77,0.0,0.0,0.0,0.0,0.0,214.1399135,6.384,B,125833,False,False,False,False,14,4,2010
2010-04-09,9,29,1805.38,False,64.95,2.77,0.0,0.0,0.0,0.0,0.0,214.1399135,6.384,B,125833,False,False,False,False,14,4,2010
2010-04-09,9,30,1685.5,False,64.95,2.77,0.0,0.0,0.0,0.0,0.0,214.1399135,6.384,B,125833,False,False,False,False,14,4,2010
2010-04-09,9,31,605.92,False,64.95,2.77,0.0,0.0,0.0,0.0,0.0,214.1399135,6.384,B,125833,False,False,False,False,14,4,2010
2010-04-09,9,32,1999.85,False,64.95,2.77,0.0,0.0,0.0,0.0,0.0,214.1399135,6.384,B,125833,False,False,False,False,14,4,2010
2010-04-09,9,33,2367.51,False,64.95,2.77,0.0,0.0,0.0,0.0,0.0,214.1399135,6.384,B,125833,False,False,False,False,14,4,2010
2010-04-09,9,34,6637.32,False,64.95,2.77,0.0,0.0,0.0,0.0,0.0,214.1399135,6.384,B,125833,False,False,False,False,14,4,2010
2010-04-09,9,35,2267.0,False,64.95,2.77,0.0,0.0,0.0,0.0,0.0,214.1399135,6.384,B,125833,False,False,False,False,14,4,2010
2010-04-09,9,36,1441.5,False,64.95,2.77,0.0,0.0,0.0,0.0,0.0,214.1399135,6.384,B,125833,False,False,False,False,14,4,2010
2010-04-09,9,38,84788.93,False,64.95,2.77,0.0,0.0,0.0,0.0,0.0,214.1399135,6.384,B,125833,False,False,False,False,14,4,2010
2010-04-09,9,40,29367.79,False,64.95,2.77,0.0,0.0,0.0,0.0,0.0,214.1399135,6.384,B,125833,False,False,False,False,14,4,2010
2010-04-09,9,41,445.17,False,64.95,2.77,0.0,0.0,0.0,0.0,0.0,214.1399135,6.384,B,125833,False,False,False,False,14,4,2010
2010-04-09,9,42,3151.17,False,64.95,2.77,0.0,0.0,0.0,0.0,0.0,214.1399135,6.384,B,125833,False,False,False,False,14,4,2010
2010-04-09,9,44,2678.7,False,64.95,2.77,0.0,0.0,0.0,0.0,0.0,214.1399135,6.384,B,125833,False,False,False,False,14,4,2010
2010-04-09,9,46,8719.56,False,64.95,2.77,0.0,0.0,0.0,0.0,0.0,214.1399135,6.384,B,125833,False,False,False,False,14,4,2010
2010-04-09,9,47,18.0,False,64.95,2.77,0.0,0.0,0.0,0.0,0.0,214.1399135,6.384,B,125833,False,False,False,False,14,4,2010
2010-04-09,9,52,1351.41,False,64.95,2.77,0.0,0.0,0.0,0.0,0.0,214.1399135,6.384,B,125833,False,False,False,False,14,4,2010
2010-04-09,9,54,89.0,False,64.95,2.77,0.0,0.0,0.0,0.0,0.0,214.1399135,6.384,B,125833,False,False,False,False,14,4,2010
2010-04-09,9,55,6198.72,False,64.95,2.77,0.0,0.0,0.0,0.0,0.0,214.1399135,6.384,B,125833,False,False,False,False,14,4,2010
2010-04-09,9,56,8498.31,False,64.95,2.77,0.0,0.0,0.0,0.0,0.0,214.1399135,6.384,B,125833,False,False,False,False,14,4,2010
2010-04-09,9,59,314.65,False,64.95,2.77,0.0,0.0,0.0,0.0,0.0,214.1399135,6.384,B,125833,False,False,False,False,14,4,2010
2010-04-09,9,67,2639.98,False,64.95,2.77,0.0,0.0,0.0,0.0,0.0,214.1399135,6.384,B,125833,False,False,False,False,14,4,2010
2010-04-09,9,71,1113.0,False,64.95,2.77,0.0,0.0,0.0,0.0,0.0,214.1399135,6.384,B,125833,False,False,False,False,14,4,2010
2010-04-09,9,72,26314.57,False,64.95,2.77,0.0,0.0,0.0,0.0,0.0,214.1399135,6.384,B,125833,False,False,False,False,14,4,2010
2010-04-09,9,74,6648.17,False,64.95,2.77,0.0,0.0,0.0,0.0,0.0,214.1399135,6.384,B,125833,False,False,False,False,14,4,2010
2010-04-09,9,79,11285.3,False,64.95,2.77,0.0,0.0,0.0,0.0,0.0,214.1399135,6.384,B,125833,False,False,False,False,14,4,2010
2010-04-09,9,81,2548.44,False,64.95,2.77,0.0,0.0,0.0,0.0,0.0,214.1399135,6.384,B,125833,False,False,False,False,14,4,2010
2010-04-09,9,82,8123.78,False,64.95,2.77,0.0,0.0,0.0,0.0,0.0,214.1399135,6.384,B,125833,False,False,False,False,14,4,2010
2010-04-09,9,85,777.47,False,64.95,2.77,0.0,0.0,0.0,0.0,0.0,214.1399135,6.384,B,125833,False,False,False,False,14,4,2010
2010-04-09,9,87,11014.96,False,64.95,2.77,0.0,0.0,0.0,0.0,0.0,214.1399135,6.384,B,125833,False,False,False,False,14,4,2010
2010-04-09,9,90,2971.84,False,64.95,2.77,0.0,0.0,0.0,0.0,0.0,214.1399135,6.384,B,125833,False,False,False,False,14,4,2010
2010-04-09,9,91,876.17,False,64.95,2.77,0.0,0.0,0.0,0.0,0.0,214.1399135,6.384,B,125833,False,False,False,False,14,4,2010
2010-04-09,9,92,11653.94,False,64.95,2.77,0.0,0.0,0.0,0.0,0.0,214.1399135,6.384,B,125833,False,False,False,False,14,4,2010
2010-04-09,9,95,29242.85,False,64.95,2.77,0.0,0.0,0.0,0.0,0.0,214.1399135,6.384,B,125833,False,False,False,False,14,4,2010
2010-04-09,9,96,3591.49,False,64.95,2.77,0.0,0.0,0.0,0.0,0.0,214.1399135,6.384,B,125833,False,False,False,False,14,4,2010
2010-04-16,9,1,8926.1,False,66.09,2.808,0.0,0.0,0.0,0.0,0.0,214.0001817,6.384,B,125833,False,False,False,False,15,4,2010
2010-04-16,9,2,22309.52,False,66.09,2.808,0.0,0.0,0.0,0.0,0.0,214.0001817,6.384,B,125833,False,False,False,False,15,4,2010
2010-04-16,9,3,5091.96,False,66.09,2.808,0.0,0.0,0.0,0.0,0.0,214.0001817,6.384,B,125833,False,False,False,False,15,4,2010
2010-04-16,9,4,14765.61,False,66.09,2.808,0.0,0.0,0.0,0.0,0.0,214.0001817,6.384,B,125833,False,False,False,False,15,4,2010
2010-04-16,9,5,12934.48,False,66.09,2.808,0.0,0.0,0.0,0.0,0.0,214.0001817,6.384,B,125833,False,False,False,False,15,4,2010
2010-04-16,9,6,2401.65,False,66.09,2.808,0.0,0.0,0.0,0.0,0.0,214.0001817,6.384,B,125833,False,False,False,False,15,4,2010
2010-04-16,9,7,8673.96,False,66.09,2.808,0.0,0.0,0.0,0.0,0.0,214.0001817,6.384,B,125833,False,False,False,False,15,4,2010
2010-04-16,9,8,19273.04,False,66.09,2.808,0.0,0.0,0.0,0.0,0.0,214.0001817,6.384,B,125833,False,False,False,False,15,4,2010
2010-04-16,9,9,12244.57,False,66.09,2.808,0.0,0.0,0.0,0.0,0.0,214.0001817,6.384,B,125833,False,False,False,False,15,4,2010
2010-04-16,9,10,12058.33,False,66.09,2.808,0.0,0.0,0.0,0.0,0.0,214.0001817,6.384,B,125833,False,False,False,False,15,4,2010
2010-04-16,9,11,11541.74,False,66.09,2.808,0.0,0.0,0.0,0.0,0.0,214.0001817,6.384,B,125833,False,False,False,False,15,4,2010
2010-04-16,9,12,6267.65,False,66.09,2.808,0.0,0.0,0.0,0.0,0.0,214.0001817,6.384,B,125833,False,False,False,False,15,4,2010
2010-04-16,9,13,20699.69,False,66.09,2.808,0.0,0.0,0.0,0.0,0.0,214.0001817,6.384,B,125833,False,False,False,False,15,4,2010
2010-04-16,9,14,5701.65,False,66.09,2.808,0.0,0.0,0.0,0.0,0.0,214.0001817,6.384,B,125833,False,False,False,False,15,4,2010
2010-04-16,9,16,23463.47,False,66.09,2.808,0.0,0.0,0.0,0.0,0.0,214.0001817,6.384,B,125833,False,False,False,False,15,4,2010
2010-04-16,9,17,4246.19,False,66.09,2.808,0.0,0.0,0.0,0.0,0.0,214.0001817,6.384,B,125833,False,False,False,False,15,4,2010
2010-04-16,9,18,203.16,False,66.09,2.808,0.0,0.0,0.0,0.0,0.0,214.0001817,6.384,B,125833,False,False,False,False,15,4,2010
2010-04-16,9,19,1386.46,False,66.09,2.808,0.0,0.0,0.0,0.0,0.0,214.0001817,6.384,B,125833,False,False,False,False,15,4,2010
2010-04-16,9,20,1676.3,False,66.09,2.808,0.0,0.0,0.0,0.0,0.0,214.0001817,6.384,B,125833,False,False,False,False,15,4,2010
2010-04-16,9,21,3709.94,False,66.09,2.808,0.0,0.0,0.0,0.0,0.0,214.0001817,6.384,B,125833,False,False,False,False,15,4,2010
2010-04-16,9,22,2593.91,False,66.09,2.808,0.0,0.0,0.0,0.0,0.0,214.0001817,6.384,B,125833,False,False,False,False,15,4,2010
2010-04-16,9,23,9640.17,False,66.09,2.808,0.0,0.0,0.0,0.0,0.0,214.0001817,6.384,B,125833,False,False,False,False,15,4,2010
2010-04-16,9,24,1979.18,False,66.09,2.808,0.0,0.0,0.0,0.0,0.0,214.0001817,6.384,B,125833,False,False,False,False,15,4,2010
2010-04-16,9,25,6118.75,False,66.09,2.808,0.0,0.0,0.0,0.0,0.0,214.0001817,6.384,B,125833,False,False,False,False,15,4,2010
2010-04-16,9,26,4240.98,False,66.09,2.808,0.0,0.0,0.0,0.0,0.0,214.0001817,6.384,B,125833,False,False,False,False,15,4,2010
2010-04-16,9,27,643.5,False,66.09,2.808,0.0,0.0,0.0,0.0,0.0,214.0001817,6.384,B,125833,False,False,False,False,15,4,2010
2010-04-16,9,28,274.14,False,66.09,2.808,0.0,0.0,0.0,0.0,0.0,214.0001817,6.384,B,125833,False,False,False,False,15,4,2010
2010-04-16,9,29,1398.38,False,66.09,2.808,0.0,0.0,0.0,0.0,0.0,214.0001817,6.384,B,125833,False,False,False,False,15,4,2010
2010-04-16,9,30,2119.38,False,66.09,2.808,0.0,0.0,0.0,0.0,0.0,214.0001817,6.384,B,125833,False,False,False,False,15,4,2010
2010-04-16,9,31,1075.52,False,66.09,2.808,0.0,0.0,0.0,0.0,0.0,214.0001817,6.384,B,125833,False,False,False,False,15,4,2010
2010-04-16,9,32,3503.22,False,66.09,2.808,0.0,0.0,0.0,0.0,0.0,214.0001817,6.384,B,125833,False,False,False,False,15,4,2010
2010-04-16,9,33,2654.0,False,66.09,2.808,0.0,0.0,0.0,0.0,0.0,214.0001817,6.384,B,125833,False,False,False,False,15,4,2010
2010-04-16,9,34,5700.82,False,66.09,2.808,0.0,0.0,0.0,0.0,0.0,214.0001817,6.384,B,125833,False,False,False,False,15,4,2010
2010-04-16,9,35,1539.0,False,66.09,2.808,0.0,0.0,0.0,0.0,0.0,214.0001817,6.384,B,125833,False,False,False,False,15,4,2010
2010-04-16,9,36,743.0,False,66.09,2.808,0.0,0.0,0.0,0.0,0.0,214.0001817,6.384,B,125833,False,False,False,False,15,4,2010
2010-04-16,9,38,78014.04,False,66.09,2.808,0.0,0.0,0.0,0.0,0.0,214.0001817,6.384,B,125833,False,False,False,False,15,4,2010
2010-04-16,9,40,26412.16,False,66.09,2.808,0.0,0.0,0.0,0.0,0.0,214.0001817,6.384,B,125833,False,False,False,False,15,4,2010
2010-04-16,9,41,251.0,False,66.09,2.808,0.0,0.0,0.0,0.0,0.0,214.0001817,6.384,B,125833,False,False,False,False,15,4,2010
2010-04-16,9,42,3125.89,False,66.09,2.808,0.0,0.0,0.0,0.0,0.0,214.0001817,6.384,B,125833,False,False,False,False,15,4,2010
2010-04-16,9,44,2651.59,False,66.09,2.808,0.0,0.0,0.0,0.0,0.0,214.0001817,6.384,B,125833,False,False,False,False,15,4,2010
2010-04-16,9,46,6558.12,False,66.09,2.808,0.0,0.0,0.0,0.0,0.0,214.0001817,6.384,B,125833,False,False,False,False,15,4,2010
2010-04-16,9,52,1673.73,False,66.09,2.808,0.0,0.0,0.0,0.0,0.0,214.0001817,6.384,B,125833,False,False,False,False,15,4,2010
2010-04-16,9,54,159.0,False,66.09,2.808,0.0,0.0,0.0,0.0,0.0,214.0001817,6.384,B,125833,False,False,False,False,15,4,2010
2010-04-16,9,55,6152.4,False,66.09,2.808,0.0,0.0,0.0,0.0,0.0,214.0001817,6.384,B,125833,False,False,False,False,15,4,2010
2010-04-16,9,56,11270.04,False,66.09,2.808,0.0,0.0,0.0,0.0,0.0,214.0001817,6.384,B,125833,False,False,False,False,15,4,2010
2010-04-16,9,59,169.6,False,66.09,2.808,0.0,0.0,0.0,0.0,0.0,214.0001817,6.384,B,125833,False,False,False,False,15,4,2010
2010-04-16,9,67,2324.87,False,66.09,2.808,0.0,0.0,0.0,0.0,0.0,214.0001817,6.384,B,125833,False,False,False,False,15,4,2010
2010-04-16,9,71,951.54,False,66.09,2.808,0.0,0.0,0.0,0.0,0.0,214.0001817,6.384,B,125833,False,False,False,False,15,4,2010
2010-04-16,9,72,21877.63,False,66.09,2.808,0.0,0.0,0.0,0.0,0.0,214.0001817,6.384,B,125833,False,False,False,False,15,4,2010
2010-04-16,9,74,6270.82,False,66.09,2.808,0.0,0.0,0.0,0.0,0.0,214.0001817,6.384,B,125833,False,False,False,False,15,4,2010
2010-04-16,9,79,11733.14,False,66.09,2.808,0.0,0.0,0.0,0.0,0.0,214.0001817,6.384,B,125833,False,False,False,False,15,4,2010
2010-04-16,9,81,2335.42,False,66.09,2.808,0.0,0.0,0.0,0.0,0.0,214.0001817,6.384,B,125833,False,False,False,False,15,4,2010
2010-04-16,9,82,7555.0,False,66.09,2.808,0.0,0.0,0.0,0.0,0.0,214.0001817,6.384,B,125833,False,False,False,False,15,4,2010
2010-04-16,9,85,862.18,False,66.09,2.808,0.0,0.0,0.0,0.0,0.0,214.0001817,6.384,B,125833,False,False,False,False,15,4,2010
2010-04-16,9,87,9960.23,False,66.09,2.808,0.0,0.0,0.0,0.0,0.0,214.0001817,6.384,B,125833,False,False,False,False,15,4,2010
2010-04-16,9,90,2455.39,False,66.09,2.808,0.0,0.0,0.0,0.0,0.0,214.0001817,6.384,B,125833,False,False,False,False,15,4,2010
2010-04-16,9,91,537.15,False,66.09,2.808,0.0,0.0,0.0,0.0,0.0,214.0001817,6.384,B,125833,False,False,False,False,15,4,2010
2010-04-16,9,92,10165.24,False,66.09,2.808,0.0,0.0,0.0,0.0,0.0,214.0001817,6.384,B,125833,False,False,False,False,15,4,2010
2010-04-16,9,95,27252.07,False,66.09,2.808,0.0,0.0,0.0,0.0,0.0,214.0001817,6.384,B,125833,False,False,False,False,15,4,2010
2010-04-16,9,96,3246.65,False,66.09,2.808,0.0,0.0,0.0,0.0,0.0,214.0001817,6.384,B,125833,False,False,False,False,15,4,2010
2010-04-23,9,1,8462.08,False,61.26,2.795,0.0,0.0,0.0,0.0,0.0,213.9496138,6.384,B,125833,False,False,False,False,16,4,2010
2010-04-23,9,2,21708.35,False,61.26,2.795,0.0,0.0,0.0,0.0,0.0,213.9496138,6.384,B,125833,False,False,False,False,16,4,2010
2010-04-23,9,3,4791.64,False,61.26,2.795,0.0,0.0,0.0,0.0,0.0,213.9496138,6.384,B,125833,False,False,False,False,16,4,2010
2010-04-23,9,4,15004.06,False,61.26,2.795,0.0,0.0,0.0,0.0,0.0,213.9496138,6.384,B,125833,False,False,False,False,16,4,2010
2010-04-23,9,5,19551.4,False,61.26,2.795,0.0,0.0,0.0,0.0,0.0,213.9496138,6.384,B,125833,False,False,False,False,16,4,2010
2010-04-23,9,6,3932.48,False,61.26,2.795,0.0,0.0,0.0,0.0,0.0,213.9496138,6.384,B,125833,False,False,False,False,16,4,2010
2010-04-23,9,7,8637.12,False,61.26,2.795,0.0,0.0,0.0,0.0,0.0,213.9496138,6.384,B,125833,False,False,False,False,16,4,2010
2010-04-23,9,8,20396.61,False,61.26,2.795,0.0,0.0,0.0,0.0,0.0,213.9496138,6.384,B,125833,False,False,False,False,16,4,2010
2010-04-23,9,9,10702.95,False,61.26,2.795,0.0,0.0,0.0,0.0,0.0,213.9496138,6.384,B,125833,False,False,False,False,16,4,2010
2010-04-23,9,10,11127.26,False,61.26,2.795,0.0,0.0,0.0,0.0,0.0,213.9496138,6.384,B,125833,False,False,False,False,16,4,2010
2010-04-23,9,11,11304.79,False,61.26,2.795,0.0,0.0,0.0,0.0,0.0,213.9496138,6.384,B,125833,False,False,False,False,16,4,2010
2010-04-23,9,12,6195.42,False,61.26,2.795,0.0,0.0,0.0,0.0,0.0,213.9496138,6.384,B,125833,False,False,False,False,16,4,2010
2010-04-23,9,13,21469.77,False,61.26,2.795,0.0,0.0,0.0,0.0,0.0,213.9496138,6.384,B,125833,False,False,False,False,16,4,2010
2010-04-23,9,14,6297.26,False,61.26,2.795,0.0,0.0,0.0,0.0,0.0,213.9496138,6.384,B,125833,False,False,False,False,16,4,2010
2010-04-23,9,16,24700.2,False,61.26,2.795,0.0,0.0,0.0,0.0,0.0,213.9496138,6.384,B,125833,False,False,False,False,16,4,2010
2010-04-23,9,17,4496.16,False,61.26,2.795,0.0,0.0,0.0,0.0,0.0,213.9496138,6.384,B,125833,False,False,False,False,16,4,2010
2010-04-23,9,19,1299.94,False,61.26,2.795,0.0,0.0,0.0,0.0,0.0,213.9496138,6.384,B,125833,False,False,False,False,16,4,2010
2010-04-23,9,20,2455.54,False,61.26,2.795,0.0,0.0,0.0,0.0,0.0,213.9496138,6.384,B,125833,False,False,False,False,16,4,2010
2010-04-23,9,21,3094.31,False,61.26,2.795,0.0,0.0,0.0,0.0,0.0,213.9496138,6.384,B,125833,False,False,False,False,16,4,2010
2010-04-23,9,22,3400.85,False,61.26,2.795,0.0,0.0,0.0,0.0,0.0,213.9496138,6.384,B,125833,False,False,False,False,16,4,2010
2010-04-23,9,23,8617.3,False,61.26,2.795,0.0,0.0,0.0,0.0,0.0,213.9496138,6.384,B,125833,False,False,False,False,16,4,2010
2010-04-23,9,24,1511.59,False,61.26,2.795,0.0,0.0,0.0,0.0,0.0,213.9496138,6.384,B,125833,False,False,False,False,16,4,2010
2010-04-23,9,25,5020.25,False,61.26,2.795,0.0,0.0,0.0,0.0,0.0,213.9496138,6.384,B,125833,False,False,False,False,16,4,2010
2010-04-23,9,26,4314.08,False,61.26,2.795,0.0,0.0,0.0,0.0,0.0,213.9496138,6.384,B,125833,False,False,False,False,16,4,2010
2010-04-23,9,27,626.0,False,61.26,2.795,0.0,0.0,0.0,0.0,0.0,213.9496138,6.384,B,125833,False,False,False,False,16,4,2010
2010-04-23,9,28,185.07,False,61.26,2.795,0.0,0.0,0.0,0.0,0.0,213.9496138,6.384,B,125833,False,False,False,False,16,4,2010
2010-04-23,9,29,1260.0,False,61.26,2.795,0.0,0.0,0.0,0.0,0.0,213.9496138,6.384,B,125833,False,False,False,False,16,4,2010
2010-04-23,9,30,1541.5,False,61.26,2.795,0.0,0.0,0.0,0.0,0.0,213.9496138,6.384,B,125833,False,False,False,False,16,4,2010
2010-04-23,9,31,593.72,False,61.26,2.795,0.0,0.0,0.0,0.0,0.0,213.9496138,6.384,B,125833,False,False,False,False,16,4,2010
2010-04-23,9,32,3349.59,False,61.26,2.795,0.0,0.0,0.0,0.0,0.0,213.9496138,6.384,B,125833,False,False,False,False,16,4,2010
2010-04-23,9,33,1936.75,False,61.26,2.795,0.0,0.0,0.0,0.0,0.0,213.9496138,6.384,B,125833,False,False,False,False,16,4,2010
2010-04-23,9,34,5295.64,False,61.26,2.795,0.0,0.0,0.0,0.0,0.0,213.9496138,6.384,B,125833,False,False,False,False,16,4,2010
2010-04-23,9,35,1185.0,False,61.26,2.795,0.0,0.0,0.0,0.0,0.0,213.9496138,6.384,B,125833,False,False,False,False,16,4,2010
2010-04-23,9,36,451.0,False,61.26,2.795,0.0,0.0,0.0,0.0,0.0,213.9496138,6.384,B,125833,False,False,False,False,16,4,2010
2010-04-23,9,38,82534.35,False,61.26,2.795,0.0,0.0,0.0,0.0,0.0,213.9496138,6.384,B,125833,False,False,False,False,16,4,2010
2010-04-23,9,40,27012.88,False,61.26,2.795,0.0,0.0,0.0,0.0,0.0,213.9496138,6.384,B,125833,False,False,False,False,16,4,2010
2010-04-23,9,41,248.0,False,61.26,2.795,0.0,0.0,0.0,0.0,0.0,213.9496138,6.384,B,125833,False,False,False,False,16,4,2010
2010-04-23,9,42,2800.8,False,61.26,2.795,0.0,0.0,0.0,0.0,0.0,213.9496138,6.384,B,125833,False,False,False,False,16,4,2010
2010-04-23,9,44,2497.01,False,61.26,2.795,0.0,0.0,0.0,0.0,0.0,213.9496138,6.384,B,125833,False,False,False,False,16,4,2010
2010-04-23,9,46,6449.33,False,61.26,2.795,0.0,0.0,0.0,0.0,0.0,213.9496138,6.384,B,125833,False,False,False,False,16,4,2010
2010-04-23,9,47,18.0,False,61.26,2.795,0.0,0.0,0.0,0.0,0.0,213.9496138,6.384,B,125833,False,False,False,False,16,4,2010
2010-04-23,9,52,1646.98,False,61.26,2.795,0.0,0.0,0.0,0.0,0.0,213.9496138,6.384,B,125833,False,False,False,False,16,4,2010
2010-04-23,9,54,150.0,False,61.26,2.795,0.0,0.0,0.0,0.0,0.0,213.9496138,6.384,B,125833,False,False,False,False,16,4,2010
2010-04-23,9,55,6952.51,False,61.26,2.795,0.0,0.0,0.0,0.0,0.0,213.9496138,6.384,B,125833,False,False,False,False,16,4,2010
2010-04-23,9,56,9200.7,False,61.26,2.795,0.0,0.0,0.0,0.0,0.0,213.9496138,6.384,B,125833,False,False,False,False,16,4,2010
2010-04-23,9,59,168.32,False,61.26,2.795,0.0,0.0,0.0,0.0,0.0,213.9496138,6.384,B,125833,False,False,False,False,16,4,2010
2010-04-23,9,67,2860.38,False,61.26,2.795,0.0,0.0,0.0,0.0,0.0,213.9496138,6.384,B,125833,False,False,False,False,16,4,2010
2010-04-23,9,71,1155.14,False,61.26,2.795,0.0,0.0,0.0,0.0,0.0,213.9496138,6.384,B,125833,False,False,False,False,16,4,2010
2010-04-23,9,72,22218.71,False,61.26,2.795,0.0,0.0,0.0,0.0,0.0,213.9496138,6.384,B,125833,False,False,False,False,16,4,2010
2010-04-23,9,74,6307.23,False,61.26,2.795,0.0,0.0,0.0,0.0,0.0,213.9496138,6.384,B,125833,False,False,False,False,16,4,2010
2010-04-23,9,79,11403.4,False,61.26,2.795,0.0,0.0,0.0,0.0,0.0,213.9496138,6.384,B,125833,False,False,False,False,16,4,2010
2010-04-23,9,81,2052.94,False,61.26,2.795,0.0,0.0,0.0,0.0,0.0,213.9496138,6.384,B,125833,False,False,False,False,16,4,2010
2010-04-23,9,82,7588.31,False,61.26,2.795,0.0,0.0,0.0,0.0,0.0,213.9496138,6.384,B,125833,False,False,False,False,16,4,2010
2010-04-23,9,85,721.51,False,61.26,2.795,0.0,0.0,0.0,0.0,0.0,213.9496138,6.384,B,125833,False,False,False,False,16,4,2010
2010-04-23,9,87,8353.41,False,61.26,2.795,0.0,0.0,0.0,0.0,0.0,213.9496138,6.384,B,125833,False,False,False,False,16,4,2010
2010-04-23,9,90,2524.95,False,61.26,2.795,0.0,0.0,0.0,0.0,0.0,213.9496138,6.384,B,125833,False,False,False,False,16,4,2010
2010-04-23,9,91,511.97,False,61.26,2.795,0.0,0.0,0.0,0.0,0.0,213.9496138,6.384,B,125833,False,False,False,False,16,4,2010
2010-04-23,9,92,10290.05,False,61.26,2.795,0.0,0.0,0.0,0.0,0.0,213.9496138,6.384,B,125833,False,False,False,False,16,4,2010
2010-04-23,9,95,25221.42,False,61.26,2.795,0.0,0.0,0.0,0.0,0.0,213.9496138,6.384,B,125833,False,False,False,False,16,4,2010
2010-04-23,9,96,2879.59,False,61.26,2.795,0.0,0.0,0.0,0.0,0.0,213.9496138,6.384,B,125833,False,False,False,False,16,4,2010
2010-04-30,9,1,8723.98,False,66.07,2.78,0.0,0.0,0.0,0.0,0.0,213.8990459,6.384,B,125833,False,False,False,False,17,4,2010
2010-04-30,9,2,22966.29,False,66.07,2.78,0.0,0.0,0.0,0.0,0.0,213.8990459,6.384,B,125833,False,False,False,False,17,4,2010
2010-04-30,9,3,5014.55,False,66.07,2.78,0.0,0.0,0.0,0.0,0.0,213.8990459,6.384,B,125833,False,False,False,False,17,4,2010
2010-04-30,9,4,15353.98,False,66.07,2.78,0.0,0.0,0.0,0.0,0.0,213.8990459,6.384,B,125833,False,False,False,False,17,4,2010
2010-04-30,9,5,17221.97,False,66.07,2.78,0.0,0.0,0.0,0.0,0.0,213.8990459,6.384,B,125833,False,False,False,False,17,4,2010
2010-04-30,9,6,2671.46,False,66.07,2.78,0.0,0.0,0.0,0.0,0.0,213.8990459,6.384,B,125833,False,False,False,False,17,4,2010
2010-04-30,9,7,8649.43,False,66.07,2.78,0.0,0.0,0.0,0.0,0.0,213.8990459,6.384,B,125833,False,False,False,False,17,4,2010
2010-04-30,9,8,20102.13,False,66.07,2.78,0.0,0.0,0.0,0.0,0.0,213.8990459,6.384,B,125833,False,False,False,False,17,4,2010
2010-04-30,9,9,13479.96,False,66.07,2.78,0.0,0.0,0.0,0.0,0.0,213.8990459,6.384,B,125833,False,False,False,False,17,4,2010
2010-04-30,9,10,12324.54,False,66.07,2.78,0.0,0.0,0.0,0.0,0.0,213.8990459,6.384,B,125833,False,False,False,False,17,4,2010
2010-04-30,9,11,11630.89,False,66.07,2.78,0.0,0.0,0.0,0.0,0.0,213.8990459,6.384,B,125833,False,False,False,False,17,4,2010
2010-04-30,9,12,7428.18,False,66.07,2.78,0.0,0.0,0.0,0.0,0.0,213.8990459,6.384,B,125833,False,False,False,False,17,4,2010
2010-04-30,9,13,20159.28,False,66.07,2.78,0.0,0.0,0.0,0.0,0.0,213.8990459,6.384,B,125833,False,False,False,False,17,4,2010
2010-04-30,9,14,4861.63,False,66.07,2.78,0.0,0.0,0.0,0.0,0.0,213.8990459,6.384,B,125833,False,False,False,False,17,4,2010
2010-04-30,9,16,32878.47,False,66.07,2.78,0.0,0.0,0.0,0.0,0.0,213.8990459,6.384,B,125833,False,False,False,False,17,4,2010
2010-04-30,9,17,4343.49,False,66.07,2.78,0.0,0.0,0.0,0.0,0.0,213.8990459,6.384,B,125833,False,False,False,False,17,4,2010
2010-04-30,9,18,0.5,False,66.07,2.78,0.0,0.0,0.0,0.0,0.0,213.8990459,6.384,B,125833,False,False,False,False,17,4,2010
2010-04-30,9,19,1263.02,False,66.07,2.78,0.0,0.0,0.0,0.0,0.0,213.8990459,6.384,B,125833,False,False,False,False,17,4,2010
2010-04-30,9,20,2110.12,False,66.07,2.78,0.0,0.0,0.0,0.0,0.0,213.8990459,6.384,B,125833,False,False,False,False,17,4,2010
2010-04-30,9,21,4248.03,False,66.07,2.78,0.0,0.0,0.0,0.0,0.0,213.8990459,6.384,B,125833,False,False,False,False,17,4,2010
2010-04-30,9,22,2668.78,False,66.07,2.78,0.0,0.0,0.0,0.0,0.0,213.8990459,6.384,B,125833,False,False,False,False,17,4,2010
2010-04-30,9,23,8740.19,False,66.07,2.78,0.0,0.0,0.0,0.0,0.0,213.8990459,6.384,B,125833,False,False,False,False,17,4,2010
2010-04-30,9,24,1590.46,False,66.07,2.78,0.0,0.0,0.0,0.0,0.0,213.8990459,6.384,B,125833,False,False,False,False,17,4,2010
2010-04-30,9,25,5112.0,False,66.07,2.78,0.0,0.0,0.0,0.0,0.0,213.8990459,6.384,B,125833,False,False,False,False,17,4,2010
2010-04-30,9,26,3141.82,False,66.07,2.78,0.0,0.0,0.0,0.0,0.0,213.8990459,6.384,B,125833,False,False,False,False,17,4,2010
2010-04-30,9,27,514.0,False,66.07,2.78,0.0,0.0,0.0,0.0,0.0,213.8990459,6.384,B,125833,False,False,False,False,17,4,2010
2010-04-30,9,28,228.08,False,66.07,2.78,0.0,0.0,0.0,0.0,0.0,213.8990459,6.384,B,125833,False,False,False,False,17,4,2010
2010-04-30,9,29,1286.5,False,66.07,2.78,0.0,0.0,0.0,0.0,0.0,213.8990459,6.384,B,125833,False,False,False,False,17,4,2010
2010-04-30,9,30,2019.34,False,66.07,2.78,0.0,0.0,0.0,0.0,0.0,213.8990459,6.384,B,125833,False,False,False,False,17,4,2010
2010-04-30,9,31,592.0,False,66.07,2.78,0.0,0.0,0.0,0.0,0.0,213.8990459,6.384,B,125833,False,False,False,False,17,4,2010
2010-04-30,9,32,3479.85,False,66.07,2.78,0.0,0.0,0.0,0.0,0.0,213.8990459,6.384,B,125833,False,False,False,False,17,4,2010
2010-04-30,9,33,2127.75,False,66.07,2.78,0.0,0.0,0.0,0.0,0.0,213.8990459,6.384,B,125833,False,False,False,False,17,4,2010
2010-04-30,9,34,5833.15,False,66.07,2.78,0.0,0.0,0.0,0.0,0.0,213.8990459,6.384,B,125833,False,False,False,False,17,4,2010
2010-04-30,9,35,1757.0,False,66.07,2.78,0.0,0.0,0.0,0.0,0.0,213.8990459,6.384,B,125833,False,False,False,False,17,4,2010
2010-04-30,9,36,1140.5,False,66.07,2.78,0.0,0.0,0.0,0.0,0.0,213.8990459,6.384,B,125833,False,False,False,False,17,4,2010
2010-04-30,9,38,66769.79,False,66.07,2.78,0.0,0.0,0.0,0.0,0.0,213.8990459,6.384,B,125833,False,False,False,False,17,4,2010
2010-04-30,9,40,28411.22,False,66.07,2.78,0.0,0.0,0.0,0.0,0.0,213.8990459,6.384,B,125833,False,False,False,False,17,4,2010
2010-04-30,9,41,219.83,False,66.07,2.78,0.0,0.0,0.0,0.0,0.0,213.8990459,6.384,B,125833,False,False,False,False,17,4,2010
2010-04-30,9,42,3124.44,False,66.07,2.78,0.0,0.0,0.0,0.0,0.0,213.8990459,6.384,B,125833,False,False,False,False,17,4,2010
2010-04-30,9,44,2364.62,False,66.07,2.78,0.0,0.0,0.0,0.0,0.0,213.8990459,6.384,B,125833,False,False,False,False,17,4,2010
2010-04-30,9,46,7568.21,False,66.07,2.78,0.0,0.0,0.0,0.0,0.0,213.8990459,6.384,B,125833,False,False,False,False,17,4,2010
2010-04-30,9,52,1657.2,False,66.07,2.78,0.0,0.0,0.0,0.0,0.0,213.8990459,6.384,B,125833,False,False,False,False,17,4,2010
2010-04-30,9,54,69.0,False,66.07,2.78,0.0,0.0,0.0,0.0,0.0,213.8990459,6.384,B,125833,False,False,False,False,17,4,2010
2010-04-30,9,55,5819.43,False,66.07,2.78,0.0,0.0,0.0,0.0,0.0,213.8990459,6.384,B,125833,False,False,False,False,17,4,2010
2010-04-30,9,56,13279.62,False,66.07,2.78,0.0,0.0,0.0,0.0,0.0,213.8990459,6.384,B,125833,False,False,False,False,17,4,2010
2010-04-30,9,59,237.54,False,66.07,2.78,0.0,0.0,0.0,0.0,0.0,213.8990459,6.384,B,125833,False,False,False,False,17,4,2010
2010-04-30,9,67,3206.08,False,66.07,2.78,0.0,0.0,0.0,0.0,0.0,213.8990459,6.384,B,125833,False,False,False,False,17,4,2010
2010-04-30,9,71,401.54,False,66.07,2.78,0.0,0.0,0.0,0.0,0.0,213.8990459,6.384,B,125833,False,False,False,False,17,4,2010
2010-04-30,9,72,21691.99,False,66.07,2.78,0.0,0.0,0.0,0.0,0.0,213.8990459,6.384,B,125833,False,False,False,False,17,4,2010
2010-04-30,9,74,6141.74,False,66.07,2.78,0.0,0.0,0.0,0.0,0.0,213.8990459,6.384,B,125833,False,False,False,False,17,4,2010
2010-04-30,9,79,11063.29,False,66.07,2.78,0.0,0.0,0.0,0.0,0.0,213.8990459,6.384,B,125833,False,False,False,False,17,4,2010
2010-04-30,9,81,2025.91,False,66.07,2.78,0.0,0.0,0.0,0.0,0.0,213.8990459,6.384,B,125833,False,False,False,False,17,4,2010
2010-04-30,9,82,8607.71,False,66.07,2.78,0.0,0.0,0.0,0.0,0.0,213.8990459,6.384,B,125833,False,False,False,False,17,4,2010
2010-04-30,9,85,350.04,False,66.07,2.78,0.0,0.0,0.0,0.0,0.0,213.8990459,6.384,B,125833,False,False,False,False,17,4,2010
2010-04-30,9,87,8305.94,False,66.07,2.78,0.0,0.0,0.0,0.0,0.0,213.8990459,6.384,B,125833,False,False,False,False,17,4,2010
2010-04-30,9,90,2462.52,False,66.07,2.78,0.0,0.0,0.0,0.0,0.0,213.8990459,6.384,B,125833,False,False,False,False,17,4,2010
2010-04-30,9,91,697.17,False,66.07,2.78,0.0,0.0,0.0,0.0,0.0,213.8990459,6.384,B,125833,False,False,False,False,17,4,2010
2010-04-30,9,92,10270.94,False,66.07,2.78,0.0,0.0,0.0,0.0,0.0,213.8990459,6.384,B,125833,False,False,False,False,17,4,2010
2010-04-30,9,95,27846.55,False,66.07,2.78,0.0,0.0,0.0,0.0,0.0,213.8990459,6.384,B,125833,False,False,False,False,17,4,2010
2010-04-30,9,96,3467.78,False,66.07,2.78,0.0,0.0,0.0,0.0,0.0,213.8990459,6.384,B,125833,False,False,False,False,17,4,2010
2010-05-07,9,1,10088.57,False,68.58,2.835,0.0,0.0,0.0,0.0,0.0,213.848478,6.384,B,125833,False,False,False,False,18,5,2010
2010-05-07,9,2,22917.81,False,68.58,2.835,0.0,0.0,0.0,0.0,0.0,213.848478,6.384,B,125833,False,False,False,False,18,5,2010
2010-05-07,9,3,5760.92,False,68.58,2.835,0.0,0.0,0.0,0.0,0.0,213.848478,6.384,B,125833,False,False,False,False,18,5,2010
2010-05-07,9,4,15768.8,False,68.58,2.835,0.0,0.0,0.0,0.0,0.0,213.848478,6.384,B,125833,False,False,False,False,18,5,2010
2010-05-07,9,5,14951.36,False,68.58,2.835,0.0,0.0,0.0,0.0,0.0,213.848478,6.384,B,125833,False,False,False,False,18,5,2010
2010-05-07,9,6,3791.12,False,68.58,2.835,0.0,0.0,0.0,0.0,0.0,213.848478,6.384,B,125833,False,False,False,False,18,5,2010
2010-05-07,9,7,10105.55,False,68.58,2.835,0.0,0.0,0.0,0.0,0.0,213.848478,6.384,B,125833,False,False,False,False,18,5,2010
2010-05-07,9,8,20830.6,False,68.58,2.835,0.0,0.0,0.0,0.0,0.0,213.848478,6.384,B,125833,False,False,False,False,18,5,2010
2010-05-07,9,9,10981.77,False,68.58,2.835,0.0,0.0,0.0,0.0,0.0,213.848478,6.384,B,125833,False,False,False,False,18,5,2010
2010-05-07,9,10,11016.46,False,68.58,2.835,0.0,0.0,0.0,0.0,0.0,213.848478,6.384,B,125833,False,False,False,False,18,5,2010
2010-05-07,9,11,11829.53,False,68.58,2.835,0.0,0.0,0.0,0.0,0.0,213.848478,6.384,B,125833,False,False,False,False,18,5,2010
2010-05-07,9,12,6129.04,False,68.58,2.835,0.0,0.0,0.0,0.0,0.0,213.848478,6.384,B,125833,False,False,False,False,18,5,2010
2010-05-07,9,13,21427.8,False,68.58,2.835,0.0,0.0,0.0,0.0,0.0,213.848478,6.384,B,125833,False,False,False,False,18,5,2010
2010-05-07,9,14,6839.96,False,68.58,2.835,0.0,0.0,0.0,0.0,0.0,213.848478,6.384,B,125833,False,False,False,False,18,5,2010
