Date,Store,Dept,Weekly_Sales,IsHoliday,Temperature,Fuel_Price,MarkDown1,MarkDown2,MarkDown3,MarkDown4,MarkDown5,CPI,Unemployment,Type,Size,Super_Bowl,Labor_Day,Thanksgiving,Christmas,week,month,year
2010-02-05,15,1,12239.38,False,19.83,2.954,0.0,0.0,0.0,0.0,0.0,131.5279032,8.35,B,123737,False,False,False,False,5,2,2010
2010-02-05,15,2,27179.85,False,19.83,2.954,0.0,0.0,0.0,0.0,0.0,131.5279032,8.35,B,123737,False,False,False,False,5,2,2010
2010-02-05,15,3,9494.42,False,19.83,2.954,0.0,0.0,0.0,0.0,0.0,131.5279032,8.35,B,123737,False,False,False,False,5,2,2010
2010-02-05,15,4,11694.61,False,19.83,2.954,0.0,0.0,0.0,0.0,0.0,131.5279032,8.35,B,123737,False,False,False,False,5,2,2010
2010-02-05,15,5,18851.63,False,19.83,2.954,0.0,0.0,0.0,0.0,0.0,131.5279032,8.35,B,123737,False,False,False,False,5,2,2010
2010-02-05,15,6,4966.12,False,19.83,2.954,0.0,0.0,0.0,0.0,0.0,131.5279032,8.35,B,123737,False,False,False,False,5,2,2010
2010-02-05,15,7,16505.87,False,19.83,2.954,0.0,0.0,0.0,0.0,0.0,131.5279032,8.35,B,123737,False,False,False,False,5,2,2010
2010-02-05,15,8,23180.02,False,19.83,2.954,0.0,0.0,0.0,0.0,0.0,131.5279032,8.35,B,123737,False,False,False,False,5,2,2010
2010-02-05,15,9,8757.41,False,19.83,2.954,0.0,0.0,0.0,0.0,0.0,131.5279032,8.35,B,123737,False,False,False,False,5,2,2010
2010-02-05,15,10,9444.31,False,19.83,2.954,0.0,0.0,0.0,0.0,0.0,131.5279032,8.35,B,123737,False,False,False,False,5,2,2010
2010-02-05,15,11,13259.31,False,19.83,2.954,0.0,0.0,0.0,0.0,0.0,131.5279032,8.35,B,123737,False,False,False,False,5,2,2010
2010-02-05,15,12,2360.06,False,19.83,2.954,0.0,0.0,0.0,0.0,0.0,131.5279032,8.35,B,123737,False,False,False,False,5,2,2010
2010-02-05,15,13,19437.35,False,19.83,2.954,0.0,0.0,0.0,0.0,0.0,131.5279032,8.35,B,123737,False,False,False,False,5,2,2010
2010-02-05,15,14,13723.46,False,19.83,2.954,0.0,0.0,0.0,0.0,0.0,131.5279032,8.35,B,123737,False,False,False,False,5,2,2010
2010-02-05,15,16,1698.71,False,19.83,2.954,0.0,0.0,0.0,0.0,0.0,131.5279032,8.35,B,123737,False,False,False,False,5,2,2010
2010-02-05,15,17,11908.6,False,19.83,2.954,0.0,0.0,0.0,0.0,0.0,131.5279032,8.35,B,123737,False,False,False,False,5,2,2010
2010-02-05,15,18,2239.25,False,19.83,2.954,0.0,0.0,0.0,0.0,0.0,131.5279032,8.35,B,123737,False,False,False,False,5,2,2010
2010-02-05,15,19,1381.4,False,19.83,2.954,0.0,0.0,0.0,0.0,0.0,131.5279032,8.35,B,123737,False,False,False,False,5,2,2010
2010-02-05,15,20,4606.9,False,19.83,2.954,0.0,0.0,0.0,0.0,0.0,131.5279032,8.35,B,123737,False,False,False,False,5,2,2010
2010-02-05,15,21,3253.19,False,19.83,2.954,0.0,0.0,0.0,0.0,0.0,131.5279032,8.35,B,123737,False,False,False,False,5,2,2010
2010-02-05,15,22,9090.49,False,19.83,2.954,0.0,0.0,0.0,0.0,0.0,131.5279032,8.35,B,123737,False,False,False,False,5,2,2010
2010-02-05,15,23,20584.19,False,19.83,2.954,0.0,0.0,0.0,0.0,0.0,131.5279032,8.35,B,123737,False,False,False,False,5,2,2010
2010-02-05,15,24,4106.9,False,19.83,2.954,0.0,0.0,0.0,0.0,0.0,131.5279032,8.35,B,123737,False,False,False,False,5,2,2010
2010-02-05,15,25,8456.25,False,19.83,2.954,0.0,0.0,0.0,0.0,0.0,131.5279032,8.35,B,123737,False,False,False,False,5,2,2010
2010-02-05,15,26,4712.81,False,19.83,2.954,0.0,0.0,0.0,0.0,0.0,131.5279032,8.35,B,123737,False,False,False,False,5,2,2010
2010-02-05,15,27,2267.02,False,19.83,2.954,0.0,0.0,0.0,0.0,0.0,131.5279032,8.35,B,123737,False,False,False,False,5,2,2010
2010-02-05,15,28,791.85,False,19.83,2.954,0.0,0.0,0.0,0.0,0.0,131.5279032,8.35,B,123737,False,False,False,False,5,2,2010
2010-02-05,15,29,5306.86,False,19.83,2.954,0.0,0.0,0.0,0.0,0.0,131.5279032,8.35,B,123737,False,False,False,False,5,2,2010
2010-02-05,15,30,4246.59,False,19.83,2.954,0.0,0.0,0.0,0.0,0.0,131.5279032,8.35,B,123737,False,False,False,False,5,2,2010
2010-02-05,15,31,2594.24,False,19.83,2.954,0.0,0.0,0.0,0.0,0.0,131.5279032,8.35,B,123737,False,False,False,False,5,2,2010
2010-02-05,15,32,6728.19,False,19.83,2.954,0.0,0.0,0.0,0.0,0.0,131.5279032,8.35,B,123737,False,False,False,False,5,2,2010
2010-02-05,15,33,4601.62,False,19.83,2.954,0.0,0.0,0.0,0.0,0.0,131.5279032,8.35,B,123737,False,False,False,False,5,2,2010
2010-02-05,15,34,13059.9,False,19.83,2.954,0.0,0.0,0.0,0.0,0.0,131.5279032,8.35,B,123737,False,False,False,False,5,2,2010
2010-02-05,15,35,1312.0,False,19.83,2.954,0.0,0.0,0.0,0.0,0.0,131.5279032,8.35,B,123737,False,False,False,False,5,2,2010
2010-02-05,15,36,418.0,False,19.83,2.954,0.0,0.0,0.0,0.0,0.0,131.5279032,8.35,B,123737,False,False,False,False,5,2,2010
2010-02-05,15,38,59646.12,False,19.83,2.954,0.0,0.0,0.0,0.0,0.0,131.5279032,8.35,B,123737,False,False,False,False,5,2,2010
2010-02-05,15,40,34262.56,False,19.83,2.954,0.0,0.0,0.0,0.0,0.0,131.5279032,8.35,B,123737,False,False,False,False,5,2,2010
2010-02-05,15,41,574.0,False,19.83,2.954,0.0,0.0,0.0,0.0,0.0,131.5279032,8.35,B,123737,False,False,False,False,5,2,2010
2010-02-05,15,42,2031.37,False,19.83,2.954,0.0,0.0,0.0,0.0,0.0,131.5279032,8.35,B,123737,False,False,False,False,5,2,2010
2010-02-05,15,44,2997.13,False,19.83,2.954,0.0,0.0,0.0,0.0,0.0,131.5279032,8.35,B,123737,False,False,False,False,5,2,2010
2010-02-05,15,46,12739.03,False,19.83,2.954,0.0,0.0,0.0,0.0,0.0,131.5279032,8.35,B,123737,False,False,False,False,5,2,2010
2010-02-05,15,49,10970.47,False,19.83,2.954,0.0,0.0,0.0,0.0,0.0,131.5279032,8.35,B,123737,False,False,False,False,5,2,2010
2010-02-05,15,50,2518.0,False,19.83,2.954,0.0,0.0,0.0,0.0,0.0,131.5279032,8.35,B,123737,False,False,False,False,5,2,2010
2010-02-05,15,52,1719.51,False,19.83,2.954,0.0,0.0,0.0,0.0,0.0,131.5279032,8.35,B,123737,False,False,False,False,5,2,2010
2010-02-05,15,54,135.0,False,19.83,2.954,0.0,0.0,0.0,0.0,0.0,131.5279032,8.35,B,123737,False,False,False,False,5,2,2010
2010-02-05,15,55,9433.38,False,19.83,2.954,0.0,0.0,0.0,0.0,0.0,131.5279032,8.35,B,123737,False,False,False,False,5,2,2010
2010-02-05,15,56,461.2,False,19.83,2.954,0.0,0.0,0.0,0.0,0.0,131.5279032,8.35,B,123737,False,False,False,False,5,2,2010
2010-02-05,15,58,730.0,False,19.83,2.954,0.0,0.0,0.0,0.0,0.0,131.5279032,8.35,B,123737,False,False,False,False,5,2,2010
2010-02-05,15,59,501.27,False,19.83,2.954,0.0,0.0,0.0,0.0,0.0,131.5279032,8.35,B,123737,False,False,False,False,5,2,2010
2010-02-05,15,67,7234.88,False,19.83,2.954,0.0,0.0,0.0,0.0,0.0,131.5279032,8.35,B,123737,False,False,False,False,5,2,2010
2010-02-05,15,71,7389.57,False,19.83,2.954,0.0,0.0,0.0,0.0,0.0,131.5279032,8.35,B,123737,False,False,False,False,5,2,2010
2010-02-05,15,72,80900.2,False,19.83,2.954,0.0,0.0,0.0,0.0,0.0,131.5279032,8.35,B,123737,False,False,False,False,5,2,2010
2010-02-05,15,74,13596.75,False,19.83,2.954,0.0,0.0,0.0,0.0,0.0,131.5279032,8.35,B,123737,False,False,False,False,5,2,2010
2010-02-05,15,79,9216.91,False,19.83,2.954,0.0,0.0,0.0,0.0,0.0,131.5279032,8.35,B,123737,False,False,False,False,5,2,2010
2010-02-05,15,81,4889.06,False,19.83,2.954,0.0,0.0,0.0,0.0,0.0,131.5279032,8.35,B,123737,False,False,False,False,5,2,2010
2010-02-05,15,82,8674.61,False,19.83,2.954,0.0,0.0,0.0,0.0,0.0,131.5279032,8.35,B,123737,False,False,False,False,5,2,2010
2010-02-05,15,83,464.68,False,19.83,2.954,0.0,0.0,0.0,0.0,0.0,131.5279032,8.35,B,123737,False,False,False,False,5,2,2010
2010-02-05,15,85,3509.05,False,19.83,2.954,0.0,0.0,0.0,0.0,0.0,131.5279032,8.35,B,123737,False,False,False,False,5,2,2010
2010-02-05,15,87,11107.13,False,19.83,2.954,0.0,0.0,0.0,0.0,0.0,131.5279032,8.35,B,123737,False,False,False,False,5,2,2010
2010-02-05,15,90,6171.21,False,19.83,2.954,0.0,0.0,0.0,0.0,0.0,131.5279032,8.35,B,123737,False,False,False,False,5,2,2010
2010-02-05,15,91,3806.45,False,19.83,2.954,0.0,0.0,0.0,0.0,0.0,131.5279032,8.35,B,123737,False,False,False,False,5,2,2010
2010-02-05,15,92,19520.26,False,19.83,2.954,0.0,0.0,0.0,0.0,0.0,131.5279032,8.35,B,123737,False,False,False,False,5,2,2010
2010-02-05,15,93,605.69,False,19.83,2.954,0.0,0.0,0.0,0.0,0.0,131.5279032,8.35,B,123737,False,False,False,False,5,2,2010
2010-02-05,15,94,1.96,False,19.83,2.954,0.0,0.0,0.0,0.0,0.0,131.5279032,8.35,B,123737,False,False,False,False,5,2,2010
2010-02-05,15,95,27584.99,False,19.83,2.954,0.0,0.0,0.0,0.0,0.0,131.5279032,8.35,B,123737,False,False,False,False,5,2,2010
2010-02-05,15,96,2105.79,False,19.83,2.954,0.0,0.0,0.0,0.0,0.0,131.5279032,8.35,B,123737,False,False,False,False,5,2,2010
2010-02-05,15,97,2126.49,False,19.83,2.954,0.0,0.0,0.0,0.0,0.0,131.5279032,8.35,B,123737,False,False,False,False,5,2,2010
2010-02-05,15,98,39.0,False,19.83,2.954,0.0,0.0,0.0,0.0,0.0,131.5279032,8.35,B,123737,False,False,False,False,5,2,2010
2010-02-12,15,1,23252.04,True,22.0,2.94,0.0,0.0,0.0,0.0,0.0,131.5866129,8.35,B,123737,True,False,False,False,6,2,2010
2010-02-12,15,2,26463.0,True,22.0,2.94,0.0,0.0,0.0,0.0,0.0,131.5866129,8.35,B,123737,True,False,False,False,6,2,2010
2010-02-12,15,3,8123.23,True,22.0,2.94,0.0,0.0,0.0,0.0,0.0,131.5866129,8.35,B,123737,True,False,False,False,6,2,2010
2010-02-12,15,4,11681.97,True,22.0,2.94,0.0,0.0,0.0,0.0,0.0,131.5866129,8.35,B,123737,True,False,False,False,6,2,2010
2010-02-12,15,5,20604.5,True,22.0,2.94,0.0,0.0,0.0,0.0,0.0,131.5866129,8.35,B,123737,True,False,False,False,6,2,2010
2010-02-12,15,6,4309.34,True,22.0,2.94,0.0,0.0,0.0,0.0,0.0,131.5866129,8.35,B,123737,True,False,False,False,6,2,2010
2010-02-12,15,7,16078.79,True,22.0,2.94,0.0,0.0,0.0,0.0,0.0,131.5866129,8.35,B,123737,True,False,False,False,6,2,2010
2010-02-12,15,8,20920.04,True,22.0,2.94,0.0,0.0,0.0,0.0,0.0,131.5866129,8.35,B,123737,True,False,False,False,6,2,2010
2010-02-12,15,9,9295.52,True,22.0,2.94,0.0,0.0,0.0,0.0,0.0,131.5866129,8.35,B,123737,True,False,False,False,6,2,2010
2010-02-12,15,10,8367.75,True,22.0,2.94,0.0,0.0,0.0,0.0,0.0,131.5866129,8.35,B,123737,True,False,False,False,6,2,2010
2010-02-12,15,11,11728.69,True,22.0,2.94,0.0,0.0,0.0,0.0,0.0,131.5866129,8.35,B,123737,True,False,False,False,6,2,2010
2010-02-12,15,12,2583.49,True,22.0,2.94,0.0,0.0,0.0,0.0,0.0,131.5866129,8.35,B,123737,True,False,False,False,6,2,2010
2010-02-12,15,13,18775.19,True,22.0,2.94,0.0,0.0,0.0,0.0,0.0,131.5866129,8.35,B,123737,True,False,False,False,6,2,2010
2010-02-12,15,14,15164.8,True,22.0,2.94,0.0,0.0,0.0,0.0,0.0,131.5866129,8.35,B,123737,True,False,False,False,6,2,2010
2010-02-12,15,16,2075.28,True,22.0,2.94,0.0,0.0,0.0,0.0,0.0,131.5866129,8.35,B,123737,True,False,False,False,6,2,2010
2010-02-12,15,17,13406.62,True,22.0,2.94,0.0,0.0,0.0,0.0,0.0,131.5866129,8.35,B,123737,True,False,False,False,6,2,2010
2010-02-12,15,18,7584.74,True,22.0,2.94,0.0,0.0,0.0,0.0,0.0,131.5866129,8.35,B,123737,True,False,False,False,6,2,2010
2010-02-12,15,19,1464.94,True,22.0,2.94,0.0,0.0,0.0,0.0,0.0,131.5866129,8.35,B,123737,True,False,False,False,6,2,2010
2010-02-12,15,20,6311.06,True,22.0,2.94,0.0,0.0,0.0,0.0,0.0,131.5866129,8.35,B,123737,True,False,False,False,6,2,2010
2010-02-12,15,21,3505.78,True,22.0,2.94,0.0,0.0,0.0,0.0,0.0,131.5866129,8.35,B,123737,True,False,False,False,6,2,2010
2010-02-12,15,22,13148.69,True,22.0,2.94,0.0,0.0,0.0,0.0,0.0,131.5866129,8.35,B,123737,True,False,False,False,6,2,2010
2010-02-12,15,23,21505.56,True,22.0,2.94,0.0,0.0,0.0,0.0,0.0,131.5866129,8.35,B,123737,True,False,False,False,6,2,2010
2010-02-12,15,24,4453.76,True,22.0,2.94,0.0,0.0,0.0,0.0,0.0,131.5866129,8.35,B,123737,True,False,False,False,6,2,2010
2010-02-12,15,25,8171.5,True,22.0,2.94,0.0,0.0,0.0,0.0,0.0,131.5866129,8.35,B,123737,True,False,False,False,6,2,2010
2010-02-12,15,26,6203.26,True,22.0,2.94,0.0,0.0,0.0,0.0,0.0,131.5866129,8.35,B,123737,True,False,False,False,6,2,2010
2010-02-12,15,27,2309.96,True,22.0,2.94,0.0,0.0,0.0,0.0,0.0,131.5866129,8.35,B,123737,True,False,False,False,6,2,2010
2010-02-12,15,28,816.11,True,22.0,2.94,0.0,0.0,0.0,0.0,0.0,131.5866129,8.35,B,123737,True,False,False,False,6,2,2010
2010-02-12,15,29,5328.38,True,22.0,2.94,0.0,0.0,0.0,0.0,0.0,131.5866129,8.35,B,123737,True,False,False,False,6,2,2010
2010-02-12,15,30,4120.74,True,22.0,2.94,0.0,0.0,0.0,0.0,0.0,131.5866129,8.35,B,123737,True,False,False,False,6,2,2010
2010-02-12,15,31,2971.0,True,22.0,2.94,0.0,0.0,0.0,0.0,0.0,131.5866129,8.35,B,123737,True,False,False,False,6,2,2010
2010-02-12,15,32,8333.69,True,22.0,2.94,0.0,0.0,0.0,0.0,0.0,131.5866129,8.35,B,123737,True,False,False,False,6,2,2010
2010-02-12,15,33,5053.57,True,22.0,2.94,0.0,0.0,0.0,0.0,0.0,131.5866129,8.35,B,123737,True,False,False,False,6,2,2010
2010-02-12,15,34,15353.5,True,22.0,2.94,0.0,0.0,0.0,0.0,0.0,131.5866129,8.35,B,123737,True,False,False,False,6,2,2010
2010-02-12,15,35,2208.0,True,22.0,2.94,0.0,0.0,0.0,0.0,0.0,131.5866129,8.35,B,123737,True,False,False,False,6,2,2010
2010-02-12,15,36,605.0,True,22.0,2.94,0.0,0.0,0.0,0.0,0.0,131.5866129,8.35,B,123737,True,False,False,False,6,2,2010
2010-02-12,15,38,56105.96,True,22.0,2.94,0.0,0.0,0.0,0.0,0.0,131.5866129,8.35,B,123737,True,False,False,False,6,2,2010
2010-02-12,15,40,35032.49,True,22.0,2.94,0.0,0.0,0.0,0.0,0.0,131.5866129,8.35,B,123737,True,False,False,False,6,2,2010
2010-02-12,15,41,724.0,True,22.0,2.94,0.0,0.0,0.0,0.0,0.0,131.5866129,8.35,B,123737,True,False,False,False,6,2,2010
2010-02-12,15,42,2191.93,True,22.0,2.94,0.0,0.0,0.0,0.0,0.0,131.5866129,8.35,B,123737,True,False,False,False,6,2,2010
2010-02-12,15,44,3219.02,True,22.0,2.94,0.0,0.0,0.0,0.0,0.0,131.5866129,8.35,B,123737,True,False,False,False,6,2,2010
2010-02-12,15,46,12267.47,True,22.0,2.94,0.0,0.0,0.0,0.0,0.0,131.5866129,8.35,B,123737,True,False,False,False,6,2,2010
2010-02-12,15,48,13.96,True,22.0,2.94,0.0,0.0,0.0,0.0,0.0,131.5866129,8.35,B,123737,True,False,False,False,6,2,2010
2010-02-12,15,49,12130.3,True,22.0,2.94,0.0,0.0,0.0,0.0,0.0,131.5866129,8.35,B,123737,True,False,False,False,6,2,2010
2010-02-12,15,50,2509.0,True,22.0,2.94,0.0,0.0,0.0,0.0,0.0,131.5866129,8.35,B,123737,True,False,False,False,6,2,2010
2010-02-12,15,51,3.0,True,22.0,2.94,0.0,0.0,0.0,0.0,0.0,131.5866129,8.35,B,123737,True,False,False,False,6,2,2010
2010-02-12,15,52,2175.95,True,22.0,2.94,0.0,0.0,0.0,0.0,0.0,131.5866129,8.35,B,123737,True,False,False,False,6,2,2010
2010-02-12,15,54,60.0,True,22.0,2.94,0.0,0.0,0.0,0.0,0.0,131.5866129,8.35,B,123737,True,False,False,False,6,2,2010
2010-02-12,15,55,11450.84,True,22.0,2.94,0.0,0.0,0.0,0.0,0.0,131.5866129,8.35,B,123737,True,False,False,False,6,2,2010
2010-02-12,15,56,1053.2,True,22.0,2.94,0.0,0.0,0.0,0.0,0.0,131.5866129,8.35,B,123737,True,False,False,False,6,2,2010
2010-02-12,15,58,170.0,True,22.0,2.94,0.0,0.0,0.0,0.0,0.0,131.5866129,8.35,B,123737,True,False,False,False,6,2,2010
2010-02-12,15,59,506.76,True,22.0,2.94,0.0,0.0,0.0,0.0,0.0,131.5866129,8.35,B,123737,True,False,False,False,6,2,2010
2010-02-12,15,67,13350.31,True,22.0,2.94,0.0,0.0,0.0,0.0,0.0,131.5866129,8.35,B,123737,True,False,False,False,6,2,2010
2010-02-12,15,71,7968.98,True,22.0,2.94,0.0,0.0,0.0,0.0,0.0,131.5866129,8.35,B,123737,True,False,False,False,6,2,2010
2010-02-12,15,72,76330.52,True,22.0,2.94,0.0,0.0,0.0,0.0,0.0,131.5866129,8.35,B,123737,True,False,False,False,6,2,2010
2010-02-12,15,74,14572.46,True,22.0,2.94,0.0,0.0,0.0,0.0,0.0,131.5866129,8.35,B,123737,True,False,False,False,6,2,2010
2010-02-12,15,79,10805.11,True,22.0,2.94,0.0,0.0,0.0,0.0,0.0,131.5866129,8.35,B,123737,True,False,False,False,6,2,2010
2010-02-12,15,81,4798.35,True,22.0,2.94,0.0,0.0,0.0,0.0,0.0,131.5866129,8.35,B,123737,True,False,False,False,6,2,2010
2010-02-12,15,82,9511.82,True,22.0,2.94,0.0,0.0,0.0,0.0,0.0,131.5866129,8.35,B,123737,True,False,False,False,6,2,2010
2010-02-12,15,83,550.76,True,22.0,2.94,0.0,0.0,0.0,0.0,0.0,131.5866129,8.35,B,123737,True,False,False,False,6,2,2010
2010-02-12,15,85,2803.95,True,22.0,2.94,0.0,0.0,0.0,0.0,0.0,131.5866129,8.35,B,123737,True,False,False,False,6,2,2010
2010-02-12,15,87,8298.31,True,22.0,2.94,0.0,0.0,0.0,0.0,0.0,131.5866129,8.35,B,123737,True,False,False,False,6,2,2010
2010-02-12,15,90,6121.27,True,22.0,2.94,0.0,0.0,0.0,0.0,0.0,131.5866129,8.35,B,123737,True,False,False,False,6,2,2010
2010-02-12,15,91,3644.79,True,22.0,2.94,0.0,0.0,0.0,0.0,0.0,131.5866129,8.35,B,123737,True,False,False,False,6,2,2010
2010-02-12,15,92,18695.53,True,22.0,2.94,0.0,0.0,0.0,0.0,0.0,131.5866129,8.35,B,123737,True,False,False,False,6,2,2010
2010-02-12,15,93,628.65,True,22.0,2.94,0.0,0.0,0.0,0.0,0.0,131.5866129,8.35,B,123737,True,False,False,False,6,2,2010
2010-02-12,15,94,797.5,True,22.0,2.94,0.0,0.0,0.0,0.0,0.0,131.5866129,8.35,B,123737,True,False,False,False,6,2,2010
2010-02-12,15,95,26689.54,True,22.0,2.94,0.0,0.0,0.0,0.0,0.0,131.5866129,8.35,B,123737,True,False,False,False,6,2,2010
2010-02-12,15,96,2435.28,True,22.0,2.94,0.0,0.0,0.0,0.0,0.0,131.5866129,8.35,B,123737,True,False,False,False,6,2,2010
2010-02-12,15,97,1986.32,True,22.0,2.94,0.0,0.0,0.0,0.0,0.0,131.5866129,8.35,B,123737,True,False,False,False,6,2,2010
2010-02-12,15,98,615.25,True,22.0,2.94,0.0,0.0,0.0,0.0,0.0,131.5866129,8.35,B,123737,True,False,False,False,6,2,2010
2010-02-19,15,1,17391.31,False,27.54,2.909,0.0,0.0,0.0,0.0,0.0,131.637,8.35,B,123737,False,False,False,False,7,2,2010
2010-02-19,15,2,26533.03,False,27.54,2.909,0.0,0.0,0.0,0.0,0.0,131.637,8.35,B,123737,False,False,False,False,7,2,2010
2010-02-19,15,3,7991.87,False,27.54,2.909,0.0,0.0,0.0,0.0,0.0,131.637,8.35,B,123737,False,False,False,False,7,2,2010
2010-02-19,15,4,11590.1,False,27.54,2.909,0.0,0.0,0.0,0.0,0.0,131.637,8.35,B,123737,False,False,False,False,7,2,2010
2010-02-19,15,5,21255.71,False,27.54,2.909,0.0,0.0,0.0,0.0,0.0,131.637,8.35,B,123737,False,False,False,False,7,2,2010
2010-02-19,15,6,6472.44,False,27.54,2.909,0.0,0.0,0.0,0.0,0.0,131.637,8.35,B,123737,False,False,False,False,7,2,2010
2010-02-19,15,7,18624.11,False,27.54,2.909,0.0,0.0,0.0,0.0,0.0,131.637,8.35,B,123737,False,False,False,False,7,2,2010
2010-02-19,15,8,21566.48,False,27.54,2.909,0.0,0.0,0.0,0.0,0.0,131.637,8.35,B,123737,False,False,False,False,7,2,2010
2010-02-19,15,9,10889.09,False,27.54,2.909,0.0,0.0,0.0,0.0,0.0,131.637,8.35,B,123737,False,False,False,False,7,2,2010
2010-02-19,15,10,9067.5,False,27.54,2.909,0.0,0.0,0.0,0.0,0.0,131.637,8.35,B,123737,False,False,False,False,7,2,2010
2010-02-19,15,11,13216.27,False,27.54,2.909,0.0,0.0,0.0,0.0,0.0,131.637,8.35,B,123737,False,False,False,False,7,2,2010
2010-02-19,15,12,3115.01,False,27.54,2.909,0.0,0.0,0.0,0.0,0.0,131.637,8.35,B,123737,False,False,False,False,7,2,2010
2010-02-19,15,13,19171.81,False,27.54,2.909,0.0,0.0,0.0,0.0,0.0,131.637,8.35,B,123737,False,False,False,False,7,2,2010
2010-02-19,15,14,15013.34,False,27.54,2.909,0.0,0.0,0.0,0.0,0.0,131.637,8.35,B,123737,False,False,False,False,7,2,2010
2010-02-19,15,16,2675.0,False,27.54,2.909,0.0,0.0,0.0,0.0,0.0,131.637,8.35,B,123737,False,False,False,False,7,2,2010
2010-02-19,15,17,15114.35,False,27.54,2.909,0.0,0.0,0.0,0.0,0.0,131.637,8.35,B,123737,False,False,False,False,7,2,2010
2010-02-19,15,18,6716.48,False,27.54,2.909,0.0,0.0,0.0,0.0,0.0,131.637,8.35,B,123737,False,False,False,False,7,2,2010
2010-02-19,15,19,1164.81,False,27.54,2.909,0.0,0.0,0.0,0.0,0.0,131.637,8.35,B,123737,False,False,False,False,7,2,2010
2010-02-19,15,20,5336.87,False,27.54,2.909,0.0,0.0,0.0,0.0,0.0,131.637,8.35,B,123737,False,False,False,False,7,2,2010
2010-02-19,15,21,3474.48,False,27.54,2.909,0.0,0.0,0.0,0.0,0.0,131.637,8.35,B,123737,False,False,False,False,7,2,2010
2010-02-19,15,22,13258.9,False,27.54,2.909,0.0,0.0,0.0,0.0,0.0,131.637,8.35,B,123737,False,False,False,False,7,2,2010
2010-02-19,15,23,21921.62,False,27.54,2.909,0.0,0.0,0.0,0.0,0.0,131.637,8.35,B,123737,False,False,False,False,7,2,2010
2010-02-19,15,24,4844.26,False,27.54,2.909,0.0,0.0,0.0,0.0,0.0,131.637,8.35,B,123737,False,False,False,False,7,2,2010
2010-02-19,15,25,8119.75,False,27.54,2.909,0.0,0.0,0.0,0.0,0.0,131.637,8.35,B,123737,False,False,False,False,7,2,2010
2010-02-19,15,26,5766.55,False,27.54,2.909,0.0,0.0,0.0,0.0,0.0,131.637,8.35,B,123737,False,False,False,False,7,2,2010
2010-02-19,15,27,2085.46,False,27.54,2.909,0.0,0.0,0.0,0.0,0.0,131.637,8.35,B,123737,False,False,False,False,7,2,2010
2010-02-19,15,28,790.83,False,27.54,2.909,0.0,0.0,0.0,0.0,0.0,131.637,8.35,B,123737,False,False,False,False,7,2,2010
2010-02-19,15,29,6396.27,False,27.54,2.909,0.0,0.0,0.0,0.0,0.0,131.637,8.35,B,123737,False,False,False,False,7,2,2010
2010-02-19,15,30,4671.31,False,27.54,2.909,0.0,0.0,0.0,0.0,0.0,131.637,8.35,B,123737,False,False,False,False,7,2,2010
2010-02-19,15,31,2858.34,False,27.54,2.909,0.0,0.0,0.0,0.0,0.0,131.637,8.35,B,123737,False,False,False,False,7,2,2010
2010-02-19,15,32,9323.71,False,27.54,2.909,0.0,0.0,0.0,0.0,0.0,131.637,8.35,B,123737,False,False,False,False,7,2,2010
2010-02-19,15,33,4102.64,False,27.54,2.909,0.0,0.0,0.0,0.0,0.0,131.637,8.35,B,123737,False,False,False,False,7,2,2010
2010-02-19,15,34,16397.1,False,27.54,2.909,0.0,0.0,0.0,0.0,0.0,131.637,8.35,B,123737,False,False,False,False,7,2,2010
2010-02-19,15,35,2070.0,False,27.54,2.909,0.0,0.0,0.0,0.0,0.0,131.637,8.35,B,123737,False,False,False,False,7,2,2010
2010-02-19,15,36,390.0,False,27.54,2.909,0.0,0.0,0.0,0.0,0.0,131.637,8.35,B,123737,False,False,False,False,7,2,2010
2010-02-19,15,38,45123.33,False,27.54,2.909,0.0,0.0,0.0,0.0,0.0,131.637,8.35,B,123737,False,False,False,False,7,2,2010
2010-02-19,15,40,31419.47,False,27.54,2.909,0.0,0.0,0.0,0.0,0.0,131.637,8.35,B,123737,False,False,False,False,7,2,2010
2010-02-19,15,41,194.0,False,27.54,2.909,0.0,0.0,0.0,0.0,0.0,131.637,8.35,B,123737,False,False,False,False,7,2,2010
2010-02-19,15,42,1983.57,False,27.54,2.909,0.0,0.0,0.0,0.0,0.0,131.637,8.35,B,123737,False,False,False,False,7,2,2010
2010-02-19,15,44,3792.17,False,27.54,2.909,0.0,0.0,0.0,0.0,0.0,131.637,8.35,B,123737,False,False,False,False,7,2,2010
2010-02-19,15,46,10768.83,False,27.54,2.909,0.0,0.0,0.0,0.0,0.0,131.637,8.35,B,123737,False,False,False,False,7,2,2010
2010-02-19,15,49,14846.3,False,27.54,2.909,0.0,0.0,0.0,0.0,0.0,131.637,8.35,B,123737,False,False,False,False,7,2,2010
2010-02-19,15,50,3620.0,False,27.54,2.909,0.0,0.0,0.0,0.0,0.0,131.637,8.35,B,123737,False,False,False,False,7,2,2010
2010-02-19,15,52,2041.04,False,27.54,2.909,0.0,0.0,0.0,0.0,0.0,131.637,8.35,B,123737,False,False,False,False,7,2,2010
2010-02-19,15,54,99.5,False,27.54,2.909,0.0,0.0,0.0,0.0,0.0,131.637,8.35,B,123737,False,False,False,False,7,2,2010
2010-02-19,15,55,15440.2,False,27.54,2.909,0.0,0.0,0.0,0.0,0.0,131.637,8.35,B,123737,False,False,False,False,7,2,2010
2010-02-19,15,56,866.1,False,27.54,2.909,0.0,0.0,0.0,0.0,0.0,131.637,8.35,B,123737,False,False,False,False,7,2,2010
2010-02-19,15,58,1093.0,False,27.54,2.909,0.0,0.0,0.0,0.0,0.0,131.637,8.35,B,123737,False,False,False,False,7,2,2010
2010-02-19,15,59,435.91,False,27.54,2.909,0.0,0.0,0.0,0.0,0.0,131.637,8.35,B,123737,False,False,False,False,7,2,2010
2010-02-19,15,67,9520.03,False,27.54,2.909,0.0,0.0,0.0,0.0,0.0,131.637,8.35,B,123737,False,False,False,False,7,2,2010
2010-02-19,15,71,6374.58,False,27.54,2.909,0.0,0.0,0.0,0.0,0.0,131.637,8.35,B,123737,False,False,False,False,7,2,2010
2010-02-19,15,72,67301.94,False,27.54,2.909,0.0,0.0,0.0,0.0,0.0,131.637,8.35,B,123737,False,False,False,False,7,2,2010
2010-02-19,15,74,14073.03,False,27.54,2.909,0.0,0.0,0.0,0.0,0.0,131.637,8.35,B,123737,False,False,False,False,7,2,2010
2010-02-19,15,79,10225.08,False,27.54,2.909,0.0,0.0,0.0,0.0,0.0,131.637,8.35,B,123737,False,False,False,False,7,2,2010
2010-02-19,15,80,10.0,False,27.54,2.909,0.0,0.0,0.0,0.0,0.0,131.637,8.35,B,123737,False,False,False,False,7,2,2010
2010-02-19,15,81,4362.83,False,27.54,2.909,0.0,0.0,0.0,0.0,0.0,131.637,8.35,B,123737,False,False,False,False,7,2,2010
2010-02-19,15,82,9466.62,False,27.54,2.909,0.0,0.0,0.0,0.0,0.0,131.637,8.35,B,123737,False,False,False,False,7,2,2010
2010-02-19,15,83,556.9,False,27.54,2.909,0.0,0.0,0.0,0.0,0.0,131.637,8.35,B,123737,False,False,False,False,7,2,2010
2010-02-19,15,85,2516.18,False,27.54,2.909,0.0,0.0,0.0,0.0,0.0,131.637,8.35,B,123737,False,False,False,False,7,2,2010
2010-02-19,15,87,8930.59,False,27.54,2.909,0.0,0.0,0.0,0.0,0.0,131.637,8.35,B,123737,False,False,False,False,7,2,2010
2010-02-19,15,90,5938.49,False,27.54,2.909,0.0,0.0,0.0,0.0,0.0,131.637,8.35,B,123737,False,False,False,False,7,2,2010
2010-02-19,15,91,3578.04,False,27.54,2.909,0.0,0.0,0.0,0.0,0.0,131.637,8.35,B,123737,False,False,False,False,7,2,2010
2010-02-19,15,92,16810.01,False,27.54,2.909,0.0,0.0,0.0,0.0,0.0,131.637,8.35,B,123737,False,False,False,False,7,2,2010
2010-02-19,15,93,465.05,False,27.54,2.909,0.0,0.0,0.0,0.0,0.0,131.637,8.35,B,123737,False,False,False,False,7,2,2010
2010-02-19,15,94,2423.75,False,27.54,2.909,0.0,0.0,0.0,0.0,0.0,131.637,8.35,B,123737,False,False,False,False,7,2,2010
2010-02-19,15,95,23357.05,False,27.54,2.909,0.0,0.0,0.0,0.0,0.0,131.637,8.35,B,123737,False,False,False,False,7,2,2010
2010-02-19,15,96,1845.02,False,27.54,2.909,0.0,0.0,0.0,0.0,0.0,131.637,8.35,B,123737,False,False,False,False,7,2,2010
2010-02-19,15,97,1832.09,False,27.54,2.909,0.0,0.0,0.0,0.0,0.0,131.637,8.35,B,123737,False,False,False,False,7,2,2010
2010-02-19,15,98,151.25,False,27.54,2.909,0.0,0.0,0.0,0.0,0.0,131.637,8.35,B,123737,False,False,False,False,7,2,2010
2010-02-26,15,1,9236.15,False,29.87,2.91,0.0,0.0,0.0,0.0,0.0,131.686,8.35,B,123737,False,False,False,False,8,2,2010
2010-02-26,15,2,23617.57,False,29.87,2.91,0.0,0.0,0.0,0.0,0.0,131.686,8.35,B,123737,False,False,False,False,8,2,2010
2010-02-26,15,3,7250.8,False,29.87,2.91,0.0,0.0,0.0,0.0,0.0,131.686,8.35,B,123737,False,False,False,False,8,2,2010
2010-02-26,15,4,10720.36,False,29.87,2.91,0.0,0.0,0.0,0.0,0.0,131.686,8.35,B,123737,False,False,False,False,8,2,2010
2010-02-26,15,5,14561.29,False,29.87,2.91,0.0,0.0,0.0,0.0,0.0,131.686,8.35,B,123737,False,False,False,False,8,2,2010
2010-02-26,15,6,4009.95,False,29.87,2.91,0.0,0.0,0.0,0.0,0.0,131.686,8.35,B,123737,False,False,False,False,8,2,2010
2010-02-26,15,7,14206.25,False,29.87,2.91,0.0,0.0,0.0,0.0,0.0,131.686,8.35,B,123737,False,False,False,False,8,2,2010
2010-02-26,15,8,19743.83,False,29.87,2.91,0.0,0.0,0.0,0.0,0.0,131.686,8.35,B,123737,False,False,False,False,8,2,2010
2010-02-26,15,9,8456.52,False,29.87,2.91,0.0,0.0,0.0,0.0,0.0,131.686,8.35,B,123737,False,False,False,False,8,2,2010
2010-02-26,15,10,8262.82,False,29.87,2.91,0.0,0.0,0.0,0.0,0.0,131.686,8.35,B,123737,False,False,False,False,8,2,2010
2010-02-26,15,11,13570.44,False,29.87,2.91,0.0,0.0,0.0,0.0,0.0,131.686,8.35,B,123737,False,False,False,False,8,2,2010
2010-02-26,15,12,3186.82,False,29.87,2.91,0.0,0.0,0.0,0.0,0.0,131.686,8.35,B,123737,False,False,False,False,8,2,2010
2010-02-26,15,13,18576.24,False,29.87,2.91,0.0,0.0,0.0,0.0,0.0,131.686,8.35,B,123737,False,False,False,False,8,2,2010
2010-02-26,15,14,13866.94,False,29.87,2.91,0.0,0.0,0.0,0.0,0.0,131.686,8.35,B,123737,False,False,False,False,8,2,2010
2010-02-26,15,16,3304.41,False,29.87,2.91,0.0,0.0,0.0,0.0,0.0,131.686,8.35,B,123737,False,False,False,False,8,2,2010
2010-02-26,15,17,11953.56,False,29.87,2.91,0.0,0.0,0.0,0.0,0.0,131.686,8.35,B,123737,False,False,False,False,8,2,2010
2010-02-26,15,18,550.76,False,29.87,2.91,0.0,0.0,0.0,0.0,0.0,131.686,8.35,B,123737,False,False,False,False,8,2,2010
2010-02-26,15,19,951.95,False,29.87,2.91,0.0,0.0,0.0,0.0,0.0,131.686,8.35,B,123737,False,False,False,False,8,2,2010
2010-02-26,15,20,4946.86,False,29.87,2.91,0.0,0.0,0.0,0.0,0.0,131.686,8.35,B,123737,False,False,False,False,8,2,2010
2010-02-26,15,21,2725.93,False,29.87,2.91,0.0,0.0,0.0,0.0,0.0,131.686,8.35,B,123737,False,False,False,False,8,2,2010
2010-02-26,15,22,11887.97,False,29.87,2.91,0.0,0.0,0.0,0.0,0.0,131.686,8.35,B,123737,False,False,False,False,8,2,2010
2010-02-26,15,23,17662.16,False,29.87,2.91,0.0,0.0,0.0,0.0,0.0,131.686,8.35,B,123737,False,False,False,False,8,2,2010
2010-02-26,15,24,4287.16,False,29.87,2.91,0.0,0.0,0.0,0.0,0.0,131.686,8.35,B,123737,False,False,False,False,8,2,2010
2010-02-26,15,25,7034.25,False,29.87,2.91,0.0,0.0,0.0,0.0,0.0,131.686,8.35,B,123737,False,False,False,False,8,2,2010
2010-02-26,15,26,5484.88,False,29.87,2.91,0.0,0.0,0.0,0.0,0.0,131.686,8.35,B,123737,False,False,False,False,8,2,2010
2010-02-26,15,27,1839.5,False,29.87,2.91,0.0,0.0,0.0,0.0,0.0,131.686,8.35,B,123737,False,False,False,False,8,2,2010
2010-02-26,15,28,792.61,False,29.87,2.91,0.0,0.0,0.0,0.0,0.0,131.686,8.35,B,123737,False,False,False,False,8,2,2010
2010-02-26,15,29,4109.46,False,29.87,2.91,0.0,0.0,0.0,0.0,0.0,131.686,8.35,B,123737,False,False,False,False,8,2,2010
2010-02-26,15,30,3519.7,False,29.87,2.91,0.0,0.0,0.0,0.0,0.0,131.686,8.35,B,123737,False,False,False,False,8,2,2010
2010-02-26,15,31,2940.24,False,29.87,2.91,0.0,0.0,0.0,0.0,0.0,131.686,8.35,B,123737,False,False,False,False,8,2,2010
2010-02-26,15,32,7133.68,False,29.87,2.91,0.0,0.0,0.0,0.0,0.0,131.686,8.35,B,123737,False,False,False,False,8,2,2010
2010-02-26,15,33,3308.88,False,29.87,2.91,0.0,0.0,0.0,0.0,0.0,131.686,8.35,B,123737,False,False,False,False,8,2,2010
2010-02-26,15,34,12619.0,False,29.87,2.91,0.0,0.0,0.0,0.0,0.0,131.686,8.35,B,123737,False,False,False,False,8,2,2010
2010-02-26,15,35,1571.0,False,29.87,2.91,0.0,0.0,0.0,0.0,0.0,131.686,8.35,B,123737,False,False,False,False,8,2,2010
2010-02-26,15,36,774.0,False,29.87,2.91,0.0,0.0,0.0,0.0,0.0,131.686,8.35,B,123737,False,False,False,False,8,2,2010
2010-02-26,15,38,49295.24,False,29.87,2.91,0.0,0.0,0.0,0.0,0.0,131.686,8.35,B,123737,False,False,False,False,8,2,2010
2010-02-26,15,40,30502.88,False,29.87,2.91,0.0,0.0,0.0,0.0,0.0,131.686,8.35,B,123737,False,False,False,False,8,2,2010
2010-02-26,15,41,83.0,False,29.87,2.91,0.0,0.0,0.0,0.0,0.0,131.686,8.35,B,123737,False,False,False,False,8,2,2010
2010-02-26,15,42,2201.37,False,29.87,2.91,0.0,0.0,0.0,0.0,0.0,131.686,8.35,B,123737,False,False,False,False,8,2,2010
2010-02-26,15,44,3056.7,False,29.87,2.91,0.0,0.0,0.0,0.0,0.0,131.686,8.35,B,123737,False,False,False,False,8,2,2010
2010-02-26,15,46,10796.81,False,29.87,2.91,0.0,0.0,0.0,0.0,0.0,131.686,8.35,B,123737,False,False,False,False,8,2,2010
2010-02-26,15,49,10291.08,False,29.87,2.91,0.0,0.0,0.0,0.0,0.0,131.686,8.35,B,123737,False,False,False,False,8,2,2010
2010-02-26,15,50,1347.0,False,29.87,2.91,0.0,0.0,0.0,0.0,0.0,131.686,8.35,B,123737,False,False,False,False,8,2,2010
2010-02-26,15,51,4.96,False,29.87,2.91,0.0,0.0,0.0,0.0,0.0,131.686,8.35,B,123737,False,False,False,False,8,2,2010
2010-02-26,15,52,1308.85,False,29.87,2.91,0.0,0.0,0.0,0.0,0.0,131.686,8.35,B,123737,False,False,False,False,8,2,2010
2010-02-26,15,54,125.0,False,29.87,2.91,0.0,0.0,0.0,0.0,0.0,131.686,8.35,B,123737,False,False,False,False,8,2,2010
2010-02-26,15,55,7534.16,False,29.87,2.91,0.0,0.0,0.0,0.0,0.0,131.686,8.35,B,123737,False,False,False,False,8,2,2010
2010-02-26,15,56,575.6,False,29.87,2.91,0.0,0.0,0.0,0.0,0.0,131.686,8.35,B,123737,False,False,False,False,8,2,2010
2010-02-26,15,58,190.0,False,29.87,2.91,0.0,0.0,0.0,0.0,0.0,131.686,8.35,B,123737,False,False,False,False,8,2,2010
2010-02-26,15,59,350.62,False,29.87,2.91,0.0,0.0,0.0,0.0,0.0,131.686,8.35,B,123737,False,False,False,False,8,2,2010
2010-02-26,15,67,4533.51,False,29.87,2.91,0.0,0.0,0.0,0.0,0.0,131.686,8.35,B,123737,False,False,False,False,8,2,2010
2010-02-26,15,71,6079.22,False,29.87,2.91,0.0,0.0,0.0,0.0,0.0,131.686,8.35,B,123737,False,False,False,False,8,2,2010
2010-02-26,15,72,52281.05,False,29.87,2.91,0.0,0.0,0.0,0.0,0.0,131.686,8.35,B,123737,False,False,False,False,8,2,2010
2010-02-26,15,74,13429.99,False,29.87,2.91,0.0,0.0,0.0,0.0,0.0,131.686,8.35,B,123737,False,False,False,False,8,2,2010
2010-02-26,15,79,11316.49,False,29.87,2.91,0.0,0.0,0.0,0.0,0.0,131.686,8.35,B,123737,False,False,False,False,8,2,2010
2010-02-26,15,80,15.96,False,29.87,2.91,0.0,0.0,0.0,0.0,0.0,131.686,8.35,B,123737,False,False,False,False,8,2,2010
2010-02-26,15,81,4302.09,False,29.87,2.91,0.0,0.0,0.0,0.0,0.0,131.686,8.35,B,123737,False,False,False,False,8,2,2010
2010-02-26,15,82,7460.99,False,29.87,2.91,0.0,0.0,0.0,0.0,0.0,131.686,8.35,B,123737,False,False,False,False,8,2,2010
2010-02-26,15,83,411.68,False,29.87,2.91,0.0,0.0,0.0,0.0,0.0,131.686,8.35,B,123737,False,False,False,False,8,2,2010
2010-02-26,15,85,3013.05,False,29.87,2.91,0.0,0.0,0.0,0.0,0.0,131.686,8.35,B,123737,False,False,False,False,8,2,2010
2010-02-26,15,87,9297.27,False,29.87,2.91,0.0,0.0,0.0,0.0,0.0,131.686,8.35,B,123737,False,False,False,False,8,2,2010
2010-02-26,15,90,5808.8,False,29.87,2.91,0.0,0.0,0.0,0.0,0.0,131.686,8.35,B,123737,False,False,False,False,8,2,2010
2010-02-26,15,91,4065.76,False,29.87,2.91,0.0,0.0,0.0,0.0,0.0,131.686,8.35,B,123737,False,False,False,False,8,2,2010
2010-02-26,15,92,18276.51,False,29.87,2.91,0.0,0.0,0.0,0.0,0.0,131.686,8.35,B,123737,False,False,False,False,8,2,2010
2010-02-26,15,93,577.57,False,29.87,2.91,0.0,0.0,0.0,0.0,0.0,131.686,8.35,B,123737,False,False,False,False,8,2,2010
2010-02-26,15,94,30.98,False,29.87,2.91,0.0,0.0,0.0,0.0,0.0,131.686,8.35,B,123737,False,False,False,False,8,2,2010
2010-02-26,15,95,24023.13,False,29.87,2.91,0.0,0.0,0.0,0.0,0.0,131.686,8.35,B,123737,False,False,False,False,8,2,2010
2010-02-26,15,96,1609.54,False,29.87,2.91,0.0,0.0,0.0,0.0,0.0,131.686,8.35,B,123737,False,False,False,False,8,2,2010
2010-02-26,15,97,2028.65,False,29.87,2.91,0.0,0.0,0.0,0.0,0.0,131.686,8.35,B,123737,False,False,False,False,8,2,2010
2010-02-26,15,98,33.75,False,29.87,2.91,0.0,0.0,0.0,0.0,0.0,131.686,8.35,B,123737,False,False,False,False,8,2,2010
2010-03-05,15,1,10900.64,False,31.79,2.919,0.0,0.0,0.0,0.0,0.0,131.735,8.35,B,123737,False,False,False,False,9,3,2010
2010-03-05,15,2,25889.18,False,31.79,2.919,0.0,0.0,0.0,0.0,0.0,131.735,8.35,B,123737,False,False,False,False,9,3,2010
2010-03-05,15,3,7559.99,False,31.79,2.919,0.0,0.0,0.0,0.0,0.0,131.735,8.35,B,123737,False,False,False,False,9,3,2010
2010-03-05,15,4,11458.56,False,31.79,2.919,0.0,0.0,0.0,0.0,0.0,131.735,8.35,B,123737,False,False,False,False,9,3,2010
2010-03-05,15,5,18039.68,False,31.79,2.919,0.0,0.0,0.0,0.0,0.0,131.735,8.35,B,123737,False,False,False,False,9,3,2010
2010-03-05,15,6,4896.12,False,31.79,2.919,0.0,0.0,0.0,0.0,0.0,131.735,8.35,B,123737,False,False,False,False,9,3,2010
2010-03-05,15,7,16879.46,False,31.79,2.919,0.0,0.0,0.0,0.0,0.0,131.735,8.35,B,123737,False,False,False,False,9,3,2010
2010-03-05,15,8,21291.98,False,31.79,2.919,0.0,0.0,0.0,0.0,0.0,131.735,8.35,B,123737,False,False,False,False,9,3,2010
2010-03-05,15,9,9398.34,False,31.79,2.919,0.0,0.0,0.0,0.0,0.0,131.735,8.35,B,123737,False,False,False,False,9,3,2010
2010-03-05,15,10,8727.34,False,31.79,2.919,0.0,0.0,0.0,0.0,0.0,131.735,8.35,B,123737,False,False,False,False,9,3,2010
2010-03-05,15,11,11207.52,False,31.79,2.919,0.0,0.0,0.0,0.0,0.0,131.735,8.35,B,123737,False,False,False,False,9,3,2010
2010-03-05,15,12,2820.72,False,31.79,2.919,0.0,0.0,0.0,0.0,0.0,131.735,8.35,B,123737,False,False,False,False,9,3,2010
2010-03-05,15,13,19965.15,False,31.79,2.919,0.0,0.0,0.0,0.0,0.0,131.735,8.35,B,123737,False,False,False,False,9,3,2010
2010-03-05,15,14,13885.5,False,31.79,2.919,0.0,0.0,0.0,0.0,0.0,131.735,8.35,B,123737,False,False,False,False,9,3,2010
2010-03-05,15,16,5396.61,False,31.79,2.919,0.0,0.0,0.0,0.0,0.0,131.735,8.35,B,123737,False,False,False,False,9,3,2010
2010-03-05,15,17,11490.15,False,31.79,2.919,0.0,0.0,0.0,0.0,0.0,131.735,8.35,B,123737,False,False,False,False,9,3,2010
2010-03-05,15,18,430.2,False,31.79,2.919,0.0,0.0,0.0,0.0,0.0,131.735,8.35,B,123737,False,False,False,False,9,3,2010
2010-03-05,15,19,1256.86,False,31.79,2.919,0.0,0.0,0.0,0.0,0.0,131.735,8.35,B,123737,False,False,False,False,9,3,2010
2010-03-05,15,20,4645.69,False,31.79,2.919,0.0,0.0,0.0,0.0,0.0,131.735,8.35,B,123737,False,False,False,False,9,3,2010
2010-03-05,15,21,3637.97,False,31.79,2.919,0.0,0.0,0.0,0.0,0.0,131.735,8.35,B,123737,False,False,False,False,9,3,2010
2010-03-05,15,22,9962.37,False,31.79,2.919,0.0,0.0,0.0,0.0,0.0,131.735,8.35,B,123737,False,False,False,False,9,3,2010
2010-03-05,15,23,19491.21,False,31.79,2.919,0.0,0.0,0.0,0.0,0.0,131.735,8.35,B,123737,False,False,False,False,9,3,2010
2010-03-05,15,24,5580.1,False,31.79,2.919,0.0,0.0,0.0,0.0,0.0,131.735,8.35,B,123737,False,False,False,False,9,3,2010
2010-03-05,15,25,8536.53,False,31.79,2.919,0.0,0.0,0.0,0.0,0.0,131.735,8.35,B,123737,False,False,False,False,9,3,2010
2010-03-05,15,26,6116.76,False,31.79,2.919,0.0,0.0,0.0,0.0,0.0,131.735,8.35,B,123737,False,False,False,False,9,3,2010
2010-03-05,15,27,1894.94,False,31.79,2.919,0.0,0.0,0.0,0.0,0.0,131.735,8.35,B,123737,False,False,False,False,9,3,2010
2010-03-05,15,28,927.86,False,31.79,2.919,0.0,0.0,0.0,0.0,0.0,131.735,8.35,B,123737,False,False,False,False,9,3,2010
2010-03-05,15,29,3943.82,False,31.79,2.919,0.0,0.0,0.0,0.0,0.0,131.735,8.35,B,123737,False,False,False,False,9,3,2010
2010-03-05,15,30,3720.0,False,31.79,2.919,0.0,0.0,0.0,0.0,0.0,131.735,8.35,B,123737,False,False,False,False,9,3,2010
2010-03-05,15,31,3104.24,False,31.79,2.919,0.0,0.0,0.0,0.0,0.0,131.735,8.35,B,123737,False,False,False,False,9,3,2010
2010-03-05,15,32,6874.04,False,31.79,2.919,0.0,0.0,0.0,0.0,0.0,131.735,8.35,B,123737,False,False,False,False,9,3,2010
2010-03-05,15,33,4350.01,False,31.79,2.919,0.0,0.0,0.0,0.0,0.0,131.735,8.35,B,123737,False,False,False,False,9,3,2010
2010-03-05,15,34,14301.5,False,31.79,2.919,0.0,0.0,0.0,0.0,0.0,131.735,8.35,B,123737,False,False,False,False,9,3,2010
2010-03-05,15,35,1403.0,False,31.79,2.919,0.0,0.0,0.0,0.0,0.0,131.735,8.35,B,123737,False,False,False,False,9,3,2010
2010-03-05,15,36,1701.5,False,31.79,2.919,0.0,0.0,0.0,0.0,0.0,131.735,8.35,B,123737,False,False,False,False,9,3,2010
2010-03-05,15,38,50914.81,False,31.79,2.919,0.0,0.0,0.0,0.0,0.0,131.735,8.35,B,123737,False,False,False,False,9,3,2010
2010-03-05,15,40,32961.27,False,31.79,2.919,0.0,0.0,0.0,0.0,0.0,131.735,8.35,B,123737,False,False,False,False,9,3,2010
2010-03-05,15,41,180.0,False,31.79,2.919,0.0,0.0,0.0,0.0,0.0,131.735,8.35,B,123737,False,False,False,False,9,3,2010
2010-03-05,15,42,2920.1,False,31.79,2.919,0.0,0.0,0.0,0.0,0.0,131.735,8.35,B,123737,False,False,False,False,9,3,2010
2010-03-05,15,44,3295.25,False,31.79,2.919,0.0,0.0,0.0,0.0,0.0,131.735,8.35,B,123737,False,False,False,False,9,3,2010
2010-03-05,15,46,13430.27,False,31.79,2.919,0.0,0.0,0.0,0.0,0.0,131.735,8.35,B,123737,False,False,False,False,9,3,2010
2010-03-05,15,49,11296.42,False,31.79,2.919,0.0,0.0,0.0,0.0,0.0,131.735,8.35,B,123737,False,False,False,False,9,3,2010
2010-03-05,15,50,3288.0,False,31.79,2.919,0.0,0.0,0.0,0.0,0.0,131.735,8.35,B,123737,False,False,False,False,9,3,2010
2010-03-05,15,52,1775.97,False,31.79,2.919,0.0,0.0,0.0,0.0,0.0,131.735,8.35,B,123737,False,False,False,False,9,3,2010
2010-03-05,15,54,120.0,False,31.79,2.919,0.0,0.0,0.0,0.0,0.0,131.735,8.35,B,123737,False,False,False,False,9,3,2010
2010-03-05,15,55,7687.38,False,31.79,2.919,0.0,0.0,0.0,0.0,0.0,131.735,8.35,B,123737,False,False,False,False,9,3,2010
2010-03-05,15,56,928.04,False,31.79,2.919,0.0,0.0,0.0,0.0,0.0,131.735,8.35,B,123737,False,False,False,False,9,3,2010
2010-03-05,15,58,1885.0,False,31.79,2.919,0.0,0.0,0.0,0.0,0.0,131.735,8.35,B,123737,False,False,False,False,9,3,2010
2010-03-05,15,59,475.43,False,31.79,2.919,0.0,0.0,0.0,0.0,0.0,131.735,8.35,B,123737,False,False,False,False,9,3,2010
2010-03-05,15,67,5614.63,False,31.79,2.919,0.0,0.0,0.0,0.0,0.0,131.735,8.35,B,123737,False,False,False,False,9,3,2010
2010-03-05,15,71,3912.42,False,31.79,2.919,0.0,0.0,0.0,0.0,0.0,131.735,8.35,B,123737,False,False,False,False,9,3,2010
2010-03-05,15,72,52561.19,False,31.79,2.919,0.0,0.0,0.0,0.0,0.0,131.735,8.35,B,123737,False,False,False,False,9,3,2010
2010-03-05,15,74,15842.62,False,31.79,2.919,0.0,0.0,0.0,0.0,0.0,131.735,8.35,B,123737,False,False,False,False,9,3,2010
2010-03-05,15,79,11076.33,False,31.79,2.919,0.0,0.0,0.0,0.0,0.0,131.735,8.35,B,123737,False,False,False,False,9,3,2010
2010-03-05,15,80,23.94,False,31.79,2.919,0.0,0.0,0.0,0.0,0.0,131.735,8.35,B,123737,False,False,False,False,9,3,2010
2010-03-05,15,81,4755.47,False,31.79,2.919,0.0,0.0,0.0,0.0,0.0,131.735,8.35,B,123737,False,False,False,False,9,3,2010
2010-03-05,15,82,8399.26,False,31.79,2.919,0.0,0.0,0.0,0.0,0.0,131.735,8.35,B,123737,False,False,False,False,9,3,2010
2010-03-05,15,83,641.78,False,31.79,2.919,0.0,0.0,0.0,0.0,0.0,131.735,8.35,B,123737,False,False,False,False,9,3,2010
2010-03-05,15,85,2916.34,False,31.79,2.919,0.0,0.0,0.0,0.0,0.0,131.735,8.35,B,123737,False,False,False,False,9,3,2010
2010-03-05,15,87,8866.07,False,31.79,2.919,0.0,0.0,0.0,0.0,0.0,131.735,8.35,B,123737,False,False,False,False,9,3,2010
2010-03-05,15,90,5616.4,False,31.79,2.919,0.0,0.0,0.0,0.0,0.0,131.735,8.35,B,123737,False,False,False,False,9,3,2010
2010-03-05,15,91,3335.33,False,31.79,2.919,0.0,0.0,0.0,0.0,0.0,131.735,8.35,B,123737,False,False,False,False,9,3,2010
2010-03-05,15,92,18879.72,False,31.79,2.919,0.0,0.0,0.0,0.0,0.0,131.735,8.35,B,123737,False,False,False,False,9,3,2010
2010-03-05,15,93,574.88,False,31.79,2.919,0.0,0.0,0.0,0.0,0.0,131.735,8.35,B,123737,False,False,False,False,9,3,2010
2010-03-05,15,94,110.71,False,31.79,2.919,0.0,0.0,0.0,0.0,0.0,131.735,8.35,B,123737,False,False,False,False,9,3,2010
2010-03-05,15,95,25825.41,False,31.79,2.919,0.0,0.0,0.0,0.0,0.0,131.735,8.35,B,123737,False,False,False,False,9,3,2010
2010-03-05,15,96,1592.31,False,31.79,2.919,0.0,0.0,0.0,0.0,0.0,131.735,8.35,B,123737,False,False,False,False,9,3,2010
2010-03-05,15,97,1929.64,False,31.79,2.919,0.0,0.0,0.0,0.0,0.0,131.735,8.35,B,123737,False,False,False,False,9,3,2010
2010-03-05,15,98,7.5,False,31.79,2.919,0.0,0.0,0.0,0.0,0.0,131.735,8.35,B,123737,False,False,False,False,9,3,2010
2010-03-12,15,1,11113.97,False,41.39,2.938,0.0,0.0,0.0,0.0,0.0,131.784,8.35,B,123737,False,False,False,False,10,3,2010
2010-03-12,15,2,27469.84,False,41.39,2.938,0.0,0.0,0.0,0.0,0.0,131.784,8.35,B,123737,False,False,False,False,10,3,2010
2010-03-12,15,3,8030.35,False,41.39,2.938,0.0,0.0,0.0,0.0,0.0,131.784,8.35,B,123737,False,False,False,False,10,3,2010
2010-03-12,15,4,11433.11,False,41.39,2.938,0.0,0.0,0.0,0.0,0.0,131.784,8.35,B,123737,False,False,False,False,10,3,2010
2010-03-12,15,5,18621.74,False,41.39,2.938,0.0,0.0,0.0,0.0,0.0,131.784,8.35,B,123737,False,False,False,False,10,3,2010
2010-03-12,15,6,4893.52,False,41.39,2.938,0.0,0.0,0.0,0.0,0.0,131.784,8.35,B,123737,False,False,False,False,10,3,2010
2010-03-12,15,7,16921.31,False,41.39,2.938,0.0,0.0,0.0,0.0,0.0,131.784,8.35,B,123737,False,False,False,False,10,3,2010
2010-03-12,15,8,21103.74,False,41.39,2.938,0.0,0.0,0.0,0.0,0.0,131.784,8.35,B,123737,False,False,False,False,10,3,2010
2010-03-12,15,9,10065.24,False,41.39,2.938,0.0,0.0,0.0,0.0,0.0,131.784,8.35,B,123737,False,False,False,False,10,3,2010
2010-03-12,15,10,10370.33,False,41.39,2.938,0.0,0.0,0.0,0.0,0.0,131.784,8.35,B,123737,False,False,False,False,10,3,2010
2010-03-12,15,11,11927.34,False,41.39,2.938,0.0,0.0,0.0,0.0,0.0,131.784,8.35,B,123737,False,False,False,False,10,3,2010
2010-03-12,15,12,4040.15,False,41.39,2.938,0.0,0.0,0.0,0.0,0.0,131.784,8.35,B,123737,False,False,False,False,10,3,2010
2010-03-12,15,13,20081.16,False,41.39,2.938,0.0,0.0,0.0,0.0,0.0,131.784,8.35,B,123737,False,False,False,False,10,3,2010
2010-03-12,15,14,13520.06,False,41.39,2.938,0.0,0.0,0.0,0.0,0.0,131.784,8.35,B,123737,False,False,False,False,10,3,2010
2010-03-12,15,16,4058.41,False,41.39,2.938,0.0,0.0,0.0,0.0,0.0,131.784,8.35,B,123737,False,False,False,False,10,3,2010
2010-03-12,15,17,13043.06,False,41.39,2.938,0.0,0.0,0.0,0.0,0.0,131.784,8.35,B,123737,False,False,False,False,10,3,2010
2010-03-12,15,18,485.69,False,41.39,2.938,0.0,0.0,0.0,0.0,0.0,131.784,8.35,B,123737,False,False,False,False,10,3,2010
2010-03-12,15,19,1636.79,False,41.39,2.938,0.0,0.0,0.0,0.0,0.0,131.784,8.35,B,123737,False,False,False,False,10,3,2010
2010-03-12,15,20,4822.96,False,41.39,2.938,0.0,0.0,0.0,0.0,0.0,131.784,8.35,B,123737,False,False,False,False,10,3,2010
2010-03-12,15,21,3194.12,False,41.39,2.938,0.0,0.0,0.0,0.0,0.0,131.784,8.35,B,123737,False,False,False,False,10,3,2010
2010-03-12,15,22,8966.65,False,41.39,2.938,0.0,0.0,0.0,0.0,0.0,131.784,8.35,B,123737,False,False,False,False,10,3,2010
2010-03-12,15,23,20331.2,False,41.39,2.938,0.0,0.0,0.0,0.0,0.0,131.784,8.35,B,123737,False,False,False,False,10,3,2010
2010-03-12,15,24,4195.88,False,41.39,2.938,0.0,0.0,0.0,0.0,0.0,131.784,8.35,B,123737,False,False,False,False,10,3,2010
2010-03-12,15,25,8594.25,False,41.39,2.938,0.0,0.0,0.0,0.0,0.0,131.784,8.35,B,123737,False,False,False,False,10,3,2010
2010-03-12,15,26,5815.52,False,41.39,2.938,0.0,0.0,0.0,0.0,0.0,131.784,8.35,B,123737,False,False,False,False,10,3,2010
2010-03-12,15,27,1985.44,False,41.39,2.938,0.0,0.0,0.0,0.0,0.0,131.784,8.35,B,123737,False,False,False,False,10,3,2010
2010-03-12,15,28,1032.91,False,41.39,2.938,0.0,0.0,0.0,0.0,0.0,131.784,8.35,B,123737,False,False,False,False,10,3,2010
2010-03-12,15,29,4298.46,False,41.39,2.938,0.0,0.0,0.0,0.0,0.0,131.784,8.35,B,123737,False,False,False,False,10,3,2010
2010-03-12,15,30,4040.5,False,41.39,2.938,0.0,0.0,0.0,0.0,0.0,131.784,8.35,B,123737,False,False,False,False,10,3,2010
2010-03-12,15,31,2524.72,False,41.39,2.938,0.0,0.0,0.0,0.0,0.0,131.784,8.35,B,123737,False,False,False,False,10,3,2010
2010-03-12,15,32,5827.72,False,41.39,2.938,0.0,0.0,0.0,0.0,0.0,131.784,8.35,B,123737,False,False,False,False,10,3,2010
2010-03-12,15,33,4187.5,False,41.39,2.938,0.0,0.0,0.0,0.0,0.0,131.784,8.35,B,123737,False,False,False,False,10,3,2010
2010-03-12,15,34,16021.5,False,41.39,2.938,0.0,0.0,0.0,0.0,0.0,131.784,8.35,B,123737,False,False,False,False,10,3,2010
2010-03-12,15,35,2728.0,False,41.39,2.938,0.0,0.0,0.0,0.0,0.0,131.784,8.35,B,123737,False,False,False,False,10,3,2010
2010-03-12,15,36,1658.0,False,41.39,2.938,0.0,0.0,0.0,0.0,0.0,131.784,8.35,B,123737,False,False,False,False,10,3,2010
2010-03-12,15,38,55520.51,False,41.39,2.938,0.0,0.0,0.0,0.0,0.0,131.784,8.35,B,123737,False,False,False,False,10,3,2010
2010-03-12,15,40,32442.79,False,41.39,2.938,0.0,0.0,0.0,0.0,0.0,131.784,8.35,B,123737,False,False,False,False,10,3,2010
2010-03-12,15,41,121.0,False,41.39,2.938,0.0,0.0,0.0,0.0,0.0,131.784,8.35,B,123737,False,False,False,False,10,3,2010
2010-03-12,15,42,3773.32,False,41.39,2.938,0.0,0.0,0.0,0.0,0.0,131.784,8.35,B,123737,False,False,False,False,10,3,2010
2010-03-12,15,44,2931.01,False,41.39,2.938,0.0,0.0,0.0,0.0,0.0,131.784,8.35,B,123737,False,False,False,False,10,3,2010
2010-03-12,15,46,12751.34,False,41.39,2.938,0.0,0.0,0.0,0.0,0.0,131.784,8.35,B,123737,False,False,False,False,10,3,2010
2010-03-12,15,49,10459.81,False,41.39,2.938,0.0,0.0,0.0,0.0,0.0,131.784,8.35,B,123737,False,False,False,False,10,3,2010
2010-03-12,15,50,2609.0,False,41.39,2.938,0.0,0.0,0.0,0.0,0.0,131.784,8.35,B,123737,False,False,False,False,10,3,2010
2010-03-12,15,51,35.96,False,41.39,2.938,0.0,0.0,0.0,0.0,0.0,131.784,8.35,B,123737,False,False,False,False,10,3,2010
2010-03-12,15,52,2153.97,False,41.39,2.938,0.0,0.0,0.0,0.0,0.0,131.784,8.35,B,123737,False,False,False,False,10,3,2010
2010-03-12,15,54,175.0,False,41.39,2.938,0.0,0.0,0.0,0.0,0.0,131.784,8.35,B,123737,False,False,False,False,10,3,2010
2010-03-12,15,55,8901.69,False,41.39,2.938,0.0,0.0,0.0,0.0,0.0,131.784,8.35,B,123737,False,False,False,False,10,3,2010
2010-03-12,15,56,1585.88,False,41.39,2.938,0.0,0.0,0.0,0.0,0.0,131.784,8.35,B,123737,False,False,False,False,10,3,2010
2010-03-12,15,58,645.0,False,41.39,2.938,0.0,0.0,0.0,0.0,0.0,131.784,8.35,B,123737,False,False,False,False,10,3,2010
2010-03-12,15,59,506.76,False,41.39,2.938,0.0,0.0,0.0,0.0,0.0,131.784,8.35,B,123737,False,False,False,False,10,3,2010
2010-03-12,15,67,6422.58,False,41.39,2.938,0.0,0.0,0.0,0.0,0.0,131.784,8.35,B,123737,False,False,False,False,10,3,2010
2010-03-12,15,71,4292.02,False,41.39,2.938,0.0,0.0,0.0,0.0,0.0,131.784,8.35,B,123737,False,False,False,False,10,3,2010
2010-03-12,15,72,45457.17,False,41.39,2.938,0.0,0.0,0.0,0.0,0.0,131.784,8.35,B,123737,False,False,False,False,10,3,2010
2010-03-12,15,74,13284.92,False,41.39,2.938,0.0,0.0,0.0,0.0,0.0,131.784,8.35,B,123737,False,False,False,False,10,3,2010
2010-03-12,15,78,17.0,False,41.39,2.938,0.0,0.0,0.0,0.0,0.0,131.784,8.35,B,123737,False,False,False,False,10,3,2010
2010-03-12,15,79,9764.26,False,41.39,2.938,0.0,0.0,0.0,0.0,0.0,131.784,8.35,B,123737,False,False,False,False,10,3,2010
2010-03-12,15,80,41.53,False,41.39,2.938,0.0,0.0,0.0,0.0,0.0,131.784,8.35,B,123737,False,False,False,False,10,3,2010
2010-03-12,15,81,4591.85,False,41.39,2.938,0.0,0.0,0.0,0.0,0.0,131.784,8.35,B,123737,False,False,False,False,10,3,2010
2010-03-12,15,82,8779.81,False,41.39,2.938,0.0,0.0,0.0,0.0,0.0,131.784,8.35,B,123737,False,False,False,False,10,3,2010
2010-03-12,15,83,426.74,False,41.39,2.938,0.0,0.0,0.0,0.0,0.0,131.784,8.35,B,123737,False,False,False,False,10,3,2010
2010-03-12,15,85,2743.32,False,41.39,2.938,0.0,0.0,0.0,0.0,0.0,131.784,8.35,B,123737,False,False,False,False,10,3,2010
2010-03-12,15,87,7427.39,False,41.39,2.938,0.0,0.0,0.0,0.0,0.0,131.784,8.35,B,123737,False,False,False,False,10,3,2010
2010-03-12,15,90,5515.81,False,41.39,2.938,0.0,0.0,0.0,0.0,0.0,131.784,8.35,B,123737,False,False,False,False,10,3,2010
2010-03-12,15,91,3086.09,False,41.39,2.938,0.0,0.0,0.0,0.0,0.0,131.784,8.35,B,123737,False,False,False,False,10,3,2010
2010-03-12,15,92,19115.96,False,41.39,2.938,0.0,0.0,0.0,0.0,0.0,131.784,8.35,B,123737,False,False,False,False,10,3,2010
2010-03-12,15,93,486.74,False,41.39,2.938,0.0,0.0,0.0,0.0,0.0,131.784,8.35,B,123737,False,False,False,False,10,3,2010
2010-03-12,15,94,3.75,False,41.39,2.938,0.0,0.0,0.0,0.0,0.0,131.784,8.35,B,123737,False,False,False,False,10,3,2010
2010-03-12,15,95,25392.92,False,41.39,2.938,0.0,0.0,0.0,0.0,0.0,131.784,8.35,B,123737,False,False,False,False,10,3,2010
2010-03-12,15,96,1851.41,False,41.39,2.938,0.0,0.0,0.0,0.0,0.0,131.784,8.35,B,123737,False,False,False,False,10,3,2010
2010-03-12,15,97,1917.14,False,41.39,2.938,0.0,0.0,0.0,0.0,0.0,131.784,8.35,B,123737,False,False,False,False,10,3,2010
2010-03-19,15,1,11997.09,False,44.69,2.96,0.0,0.0,0.0,0.0,0.0,131.8242903,8.35,B,123737,False,False,False,False,11,3,2010
2010-03-19,15,2,23325.07,False,44.69,2.96,0.0,0.0,0.0,0.0,0.0,131.8242903,8.35,B,123737,False,False,False,False,11,3,2010
2010-03-19,15,3,7464.44,False,44.69,2.96,0.0,0.0,0.0,0.0,0.0,131.8242903,8.35,B,123737,False,False,False,False,11,3,2010
2010-03-19,15,4,11766.82,False,44.69,2.96,0.0,0.0,0.0,0.0,0.0,131.8242903,8.35,B,123737,False,False,False,False,11,3,2010
2010-03-19,15,5,18095.98,False,44.69,2.96,0.0,0.0,0.0,0.0,0.0,131.8242903,8.35,B,123737,False,False,False,False,11,3,2010
2010-03-19,15,6,5833.84,False,44.69,2.96,0.0,0.0,0.0,0.0,0.0,131.8242903,8.35,B,123737,False,False,False,False,11,3,2010
2010-03-19,15,7,19776.6,False,44.69,2.96,0.0,0.0,0.0,0.0,0.0,131.8242903,8.35,B,123737,False,False,False,False,11,3,2010
2010-03-19,15,8,21491.67,False,44.69,2.96,0.0,0.0,0.0,0.0,0.0,131.8242903,8.35,B,123737,False,False,False,False,11,3,2010
2010-03-19,15,9,11851.0,False,44.69,2.96,0.0,0.0,0.0,0.0,0.0,131.8242903,8.35,B,123737,False,False,False,False,11,3,2010
2010-03-19,15,10,10655.8,False,44.69,2.96,0.0,0.0,0.0,0.0,0.0,131.8242903,8.35,B,123737,False,False,False,False,11,3,2010
2010-03-19,15,11,12828.5,False,44.69,2.96,0.0,0.0,0.0,0.0,0.0,131.8242903,8.35,B,123737,False,False,False,False,11,3,2010
2010-03-19,15,12,3454.09,False,44.69,2.96,0.0,0.0,0.0,0.0,0.0,131.8242903,8.35,B,123737,False,False,False,False,11,3,2010
2010-03-19,15,13,19020.85,False,44.69,2.96,0.0,0.0,0.0,0.0,0.0,131.8242903,8.35,B,123737,False,False,False,False,11,3,2010
2010-03-19,15,14,13296.82,False,44.69,2.96,0.0,0.0,0.0,0.0,0.0,131.8242903,8.35,B,123737,False,False,False,False,11,3,2010
2010-03-19,15,16,9105.23,False,44.69,2.96,0.0,0.0,0.0,0.0,0.0,131.8242903,8.35,B,123737,False,False,False,False,11,3,2010
2010-03-19,15,17,12284.87,False,44.69,2.96,0.0,0.0,0.0,0.0,0.0,131.8242903,8.35,B,123737,False,False,False,False,11,3,2010
2010-03-19,15,18,1566.33,False,44.69,2.96,0.0,0.0,0.0,0.0,0.0,131.8242903,8.35,B,123737,False,False,False,False,11,3,2010
2010-03-19,15,19,1297.04,False,44.69,2.96,0.0,0.0,0.0,0.0,0.0,131.8242903,8.35,B,123737,False,False,False,False,11,3,2010
2010-03-19,15,20,4219.08,False,44.69,2.96,0.0,0.0,0.0,0.0,0.0,131.8242903,8.35,B,123737,False,False,False,False,11,3,2010
2010-03-19,15,21,2984.51,False,44.69,2.96,0.0,0.0,0.0,0.0,0.0,131.8242903,8.35,B,123737,False,False,False,False,11,3,2010
2010-03-19,15,22,8653.34,False,44.69,2.96,0.0,0.0,0.0,0.0,0.0,131.8242903,8.35,B,123737,False,False,False,False,11,3,2010
2010-03-19,15,23,20178.51,False,44.69,2.96,0.0,0.0,0.0,0.0,0.0,131.8242903,8.35,B,123737,False,False,False,False,11,3,2010
2010-03-19,15,24,4504.33,False,44.69,2.96,0.0,0.0,0.0,0.0,0.0,131.8242903,8.35,B,123737,False,False,False,False,11,3,2010
2010-03-19,15,25,8577.17,False,44.69,2.96,0.0,0.0,0.0,0.0,0.0,131.8242903,8.35,B,123737,False,False,False,False,11,3,2010
2010-03-19,15,26,5071.47,False,44.69,2.96,0.0,0.0,0.0,0.0,0.0,131.8242903,8.35,B,123737,False,False,False,False,11,3,2010
2010-03-19,15,27,1878.5,False,44.69,2.96,0.0,0.0,0.0,0.0,0.0,131.8242903,8.35,B,123737,False,False,False,False,11,3,2010
2010-03-19,15,28,872.97,False,44.69,2.96,0.0,0.0,0.0,0.0,0.0,131.8242903,8.35,B,123737,False,False,False,False,11,3,2010
2010-03-19,15,29,3800.51,False,44.69,2.96,0.0,0.0,0.0,0.0,0.0,131.8242903,8.35,B,123737,False,False,False,False,11,3,2010
2010-03-19,15,30,3992.1,False,44.69,2.96,0.0,0.0,0.0,0.0,0.0,131.8242903,8.35,B,123737,False,False,False,False,11,3,2010
2010-03-19,15,31,2514.72,False,44.69,2.96,0.0,0.0,0.0,0.0,0.0,131.8242903,8.35,B,123737,False,False,False,False,11,3,2010
2010-03-19,15,32,3899.23,False,44.69,2.96,0.0,0.0,0.0,0.0,0.0,131.8242903,8.35,B,123737,False,False,False,False,11,3,2010
2010-03-19,15,33,4782.43,False,44.69,2.96,0.0,0.0,0.0,0.0,0.0,131.8242903,8.35,B,123737,False,False,False,False,11,3,2010
2010-03-19,15,34,15791.5,False,44.69,2.96,0.0,0.0,0.0,0.0,0.0,131.8242903,8.35,B,123737,False,False,False,False,11,3,2010
2010-03-19,15,35,2621.0,False,44.69,2.96,0.0,0.0,0.0,0.0,0.0,131.8242903,8.35,B,123737,False,False,False,False,11,3,2010
2010-03-19,15,36,1603.0,False,44.69,2.96,0.0,0.0,0.0,0.0,0.0,131.8242903,8.35,B,123737,False,False,False,False,11,3,2010
2010-03-19,15,38,50998.54,False,44.69,2.96,0.0,0.0,0.0,0.0,0.0,131.8242903,8.35,B,123737,False,False,False,False,11,3,2010
2010-03-19,15,40,30285.44,False,44.69,2.96,0.0,0.0,0.0,0.0,0.0,131.8242903,8.35,B,123737,False,False,False,False,11,3,2010
2010-03-19,15,41,110.0,False,44.69,2.96,0.0,0.0,0.0,0.0,0.0,131.8242903,8.35,B,123737,False,False,False,False,11,3,2010
2010-03-19,15,42,2920.93,False,44.69,2.96,0.0,0.0,0.0,0.0,0.0,131.8242903,8.35,B,123737,False,False,False,False,11,3,2010
2010-03-19,15,44,3199.42,False,44.69,2.96,0.0,0.0,0.0,0.0,0.0,131.8242903,8.35,B,123737,False,False,False,False,11,3,2010
2010-03-19,15,46,10940.99,False,44.69,2.96,0.0,0.0,0.0,0.0,0.0,131.8242903,8.35,B,123737,False,False,False,False,11,3,2010
2010-03-19,15,49,14390.2,False,44.69,2.96,0.0,0.0,0.0,0.0,0.0,131.8242903,8.35,B,123737,False,False,False,False,11,3,2010
2010-03-19,15,50,2123.0,False,44.69,2.96,0.0,0.0,0.0,0.0,0.0,131.8242903,8.35,B,123737,False,False,False,False,11,3,2010
2010-03-19,15,51,13.0,False,44.69,2.96,0.0,0.0,0.0,0.0,0.0,131.8242903,8.35,B,123737,False,False,False,False,11,3,2010
2010-03-19,15,52,2202.82,False,44.69,2.96,0.0,0.0,0.0,0.0,0.0,131.8242903,8.35,B,123737,False,False,False,False,11,3,2010
2010-03-19,15,54,68.0,False,44.69,2.96,0.0,0.0,0.0,0.0,0.0,131.8242903,8.35,B,123737,False,False,False,False,11,3,2010
2010-03-19,15,55,7919.39,False,44.69,2.96,0.0,0.0,0.0,0.0,0.0,131.8242903,8.35,B,123737,False,False,False,False,11,3,2010
2010-03-19,15,56,2143.1,False,44.69,2.96,0.0,0.0,0.0,0.0,0.0,131.8242903,8.35,B,123737,False,False,False,False,11,3,2010
2010-03-19,15,58,856.0,False,44.69,2.96,0.0,0.0,0.0,0.0,0.0,131.8242903,8.35,B,123737,False,False,False,False,11,3,2010
2010-03-19,15,59,441.51,False,44.69,2.96,0.0,0.0,0.0,0.0,0.0,131.8242903,8.35,B,123737,False,False,False,False,11,3,2010
2010-03-19,15,67,6401.41,False,44.69,2.96,0.0,0.0,0.0,0.0,0.0,131.8242903,8.35,B,123737,False,False,False,False,11,3,2010
2010-03-19,15,71,5715.68,False,44.69,2.96,0.0,0.0,0.0,0.0,0.0,131.8242903,8.35,B,123737,False,False,False,False,11,3,2010
2010-03-19,15,72,41642.94,False,44.69,2.96,0.0,0.0,0.0,0.0,0.0,131.8242903,8.35,B,123737,False,False,False,False,11,3,2010
2010-03-19,15,74,13583.36,False,44.69,2.96,0.0,0.0,0.0,0.0,0.0,131.8242903,8.35,B,123737,False,False,False,False,11,3,2010
2010-03-19,15,79,9266.56,False,44.69,2.96,0.0,0.0,0.0,0.0,0.0,131.8242903,8.35,B,123737,False,False,False,False,11,3,2010
2010-03-19,15,80,8.08,False,44.69,2.96,0.0,0.0,0.0,0.0,0.0,131.8242903,8.35,B,123737,False,False,False,False,11,3,2010
2010-03-19,15,81,4555.6,False,44.69,2.96,0.0,0.0,0.0,0.0,0.0,131.8242903,8.35,B,123737,False,False,False,False,11,3,2010
2010-03-19,15,82,7980.21,False,44.69,2.96,0.0,0.0,0.0,0.0,0.0,131.8242903,8.35,B,123737,False,False,False,False,11,3,2010
2010-03-19,15,83,435.64,False,44.69,2.96,0.0,0.0,0.0,0.0,0.0,131.8242903,8.35,B,123737,False,False,False,False,11,3,2010
2010-03-19,15,85,2163.69,False,44.69,2.96,0.0,0.0,0.0,0.0,0.0,131.8242903,8.35,B,123737,False,False,False,False,11,3,2010
2010-03-19,15,87,7958.29,False,44.69,2.96,0.0,0.0,0.0,0.0,0.0,131.8242903,8.35,B,123737,False,False,False,False,11,3,2010
2010-03-19,15,90,5358.58,False,44.69,2.96,0.0,0.0,0.0,0.0,0.0,131.8242903,8.35,B,123737,False,False,False,False,11,3,2010
2010-03-19,15,91,3297.01,False,44.69,2.96,0.0,0.0,0.0,0.0,0.0,131.8242903,8.35,B,123737,False,False,False,False,11,3,2010
2010-03-19,15,92,16803.29,False,44.69,2.96,0.0,0.0,0.0,0.0,0.0,131.8242903,8.35,B,123737,False,False,False,False,11,3,2010
2010-03-19,15,93,513.98,False,44.69,2.96,0.0,0.0,0.0,0.0,0.0,131.8242903,8.35,B,123737,False,False,False,False,11,3,2010
2010-03-19,15,95,24792.51,False,44.69,2.96,0.0,0.0,0.0,0.0,0.0,131.8242903,8.35,B,123737,False,False,False,False,11,3,2010
2010-03-19,15,96,1645.15,False,44.69,2.96,0.0,0.0,0.0,0.0,0.0,131.8242903,8.35,B,123737,False,False,False,False,11,3,2010
2010-03-19,15,97,1919.94,False,44.69,2.96,0.0,0.0,0.0,0.0,0.0,131.8242903,8.35,B,123737,False,False,False,False,11,3,2010
2010-03-26,15,1,17250.52,False,39.53,2.963,0.0,0.0,0.0,0.0,0.0,131.863129,8.35,B,123737,False,False,False,False,12,3,2010
2010-03-26,15,2,24164.01,False,39.53,2.963,0.0,0.0,0.0,0.0,0.0,131.863129,8.35,B,123737,False,False,False,False,12,3,2010
2010-03-26,15,3,7359.91,False,39.53,2.963,0.0,0.0,0.0,0.0,0.0,131.863129,8.35,B,123737,False,False,False,False,12,3,2010
2010-03-26,15,4,12011.49,False,39.53,2.963,0.0,0.0,0.0,0.0,0.0,131.863129,8.35,B,123737,False,False,False,False,12,3,2010
2010-03-26,15,5,28650.25,False,39.53,2.963,0.0,0.0,0.0,0.0,0.0,131.863129,8.35,B,123737,False,False,False,False,12,3,2010
2010-03-26,15,6,4563.17,False,39.53,2.963,0.0,0.0,0.0,0.0,0.0,131.863129,8.35,B,123737,False,False,False,False,12,3,2010
2010-03-26,15,7,21412.63,False,39.53,2.963,0.0,0.0,0.0,0.0,0.0,131.863129,8.35,B,123737,False,False,False,False,12,3,2010
2010-03-26,15,8,20075.86,False,39.53,2.963,0.0,0.0,0.0,0.0,0.0,131.863129,8.35,B,123737,False,False,False,False,12,3,2010
2010-03-26,15,9,13006.68,False,39.53,2.963,0.0,0.0,0.0,0.0,0.0,131.863129,8.35,B,123737,False,False,False,False,12,3,2010
2010-03-26,15,10,9506.75,False,39.53,2.963,0.0,0.0,0.0,0.0,0.0,131.863129,8.35,B,123737,False,False,False,False,12,3,2010
2010-03-26,15,11,12592.0,False,39.53,2.963,0.0,0.0,0.0,0.0,0.0,131.863129,8.35,B,123737,False,False,False,False,12,3,2010
2010-03-26,15,12,3461.95,False,39.53,2.963,0.0,0.0,0.0,0.0,0.0,131.863129,8.35,B,123737,False,False,False,False,12,3,2010
2010-03-26,15,13,19102.7,False,39.53,2.963,0.0,0.0,0.0,0.0,0.0,131.863129,8.35,B,123737,False,False,False,False,12,3,2010
2010-03-26,15,14,12197.85,False,39.53,2.963,0.0,0.0,0.0,0.0,0.0,131.863129,8.35,B,123737,False,False,False,False,12,3,2010
2010-03-26,15,16,8299.12,False,39.53,2.963,0.0,0.0,0.0,0.0,0.0,131.863129,8.35,B,123737,False,False,False,False,12,3,2010
2010-03-26,15,17,10867.97,False,39.53,2.963,0.0,0.0,0.0,0.0,0.0,131.863129,8.35,B,123737,False,False,False,False,12,3,2010
2010-03-26,15,18,2802.72,False,39.53,2.963,0.0,0.0,0.0,0.0,0.0,131.863129,8.35,B,123737,False,False,False,False,12,3,2010
2010-03-26,15,19,1137.94,False,39.53,2.963,0.0,0.0,0.0,0.0,0.0,131.863129,8.35,B,123737,False,False,False,False,12,3,2010
2010-03-26,15,20,4470.69,False,39.53,2.963,0.0,0.0,0.0,0.0,0.0,131.863129,8.35,B,123737,False,False,False,False,12,3,2010
2010-03-26,15,21,3331.54,False,39.53,2.963,0.0,0.0,0.0,0.0,0.0,131.863129,8.35,B,123737,False,False,False,False,12,3,2010
2010-03-26,15,22,7958.84,False,39.53,2.963,0.0,0.0,0.0,0.0,0.0,131.863129,8.35,B,123737,False,False,False,False,12,3,2010
2010-03-26,15,23,20210.65,False,39.53,2.963,0.0,0.0,0.0,0.0,0.0,131.863129,8.35,B,123737,False,False,False,False,12,3,2010
2010-03-26,15,24,4541.26,False,39.53,2.963,0.0,0.0,0.0,0.0,0.0,131.863129,8.35,B,123737,False,False,False,False,12,3,2010
2010-03-26,15,25,9087.6,False,39.53,2.963,0.0,0.0,0.0,0.0,0.0,131.863129,8.35,B,123737,False,False,False,False,12,3,2010
2010-03-26,15,26,4858.77,False,39.53,2.963,0.0,0.0,0.0,0.0,0.0,131.863129,8.35,B,123737,False,False,False,False,12,3,2010
2010-03-26,15,27,1591.5,False,39.53,2.963,0.0,0.0,0.0,0.0,0.0,131.863129,8.35,B,123737,False,False,False,False,12,3,2010
2010-03-26,15,28,874.88,False,39.53,2.963,0.0,0.0,0.0,0.0,0.0,131.863129,8.35,B,123737,False,False,False,False,12,3,2010
2010-03-26,15,29,4074.01,False,39.53,2.963,0.0,0.0,0.0,0.0,0.0,131.863129,8.35,B,123737,False,False,False,False,12,3,2010
2010-03-26,15,30,3803.62,False,39.53,2.963,0.0,0.0,0.0,0.0,0.0,131.863129,8.35,B,123737,False,False,False,False,12,3,2010
2010-03-26,15,31,2394.5,False,39.53,2.963,0.0,0.0,0.0,0.0,0.0,131.863129,8.35,B,123737,False,False,False,False,12,3,2010
2010-03-26,15,32,5090.69,False,39.53,2.963,0.0,0.0,0.0,0.0,0.0,131.863129,8.35,B,123737,False,False,False,False,12,3,2010
2010-03-26,15,33,3763.0,False,39.53,2.963,0.0,0.0,0.0,0.0,0.0,131.863129,8.35,B,123737,False,False,False,False,12,3,2010
2010-03-26,15,34,12802.0,False,39.53,2.963,0.0,0.0,0.0,0.0,0.0,131.863129,8.35,B,123737,False,False,False,False,12,3,2010
2010-03-26,15,35,2090.0,False,39.53,2.963,0.0,0.0,0.0,0.0,0.0,131.863129,8.35,B,123737,False,False,False,False,12,3,2010
2010-03-26,15,36,1038.0,False,39.53,2.963,0.0,0.0,0.0,0.0,0.0,131.863129,8.35,B,123737,False,False,False,False,12,3,2010
2010-03-26,15,38,52557.48,False,39.53,2.963,0.0,0.0,0.0,0.0,0.0,131.863129,8.35,B,123737,False,False,False,False,12,3,2010
2010-03-26,15,40,29631.56,False,39.53,2.963,0.0,0.0,0.0,0.0,0.0,131.863129,8.35,B,123737,False,False,False,False,12,3,2010
2010-03-26,15,41,89.0,False,39.53,2.963,0.0,0.0,0.0,0.0,0.0,131.863129,8.35,B,123737,False,False,False,False,12,3,2010
2010-03-26,15,42,3233.73,False,39.53,2.963,0.0,0.0,0.0,0.0,0.0,131.863129,8.35,B,123737,False,False,False,False,12,3,2010
2010-03-26,15,44,3438.71,False,39.53,2.963,0.0,0.0,0.0,0.0,0.0,131.863129,8.35,B,123737,False,False,False,False,12,3,2010
2010-03-26,15,46,10925.76,False,39.53,2.963,0.0,0.0,0.0,0.0,0.0,131.863129,8.35,B,123737,False,False,False,False,12,3,2010
2010-03-26,15,49,11746.11,False,39.53,2.963,0.0,0.0,0.0,0.0,0.0,131.863129,8.35,B,123737,False,False,False,False,12,3,2010
2010-03-26,15,50,2353.0,False,39.53,2.963,0.0,0.0,0.0,0.0,0.0,131.863129,8.35,B,123737,False,False,False,False,12,3,2010
2010-03-26,15,51,11.56,False,39.53,2.963,0.0,0.0,0.0,0.0,0.0,131.863129,8.35,B,123737,False,False,False,False,12,3,2010
2010-03-26,15,52,1449.69,False,39.53,2.963,0.0,0.0,0.0,0.0,0.0,131.863129,8.35,B,123737,False,False,False,False,12,3,2010
2010-03-26,15,55,6042.18,False,39.53,2.963,0.0,0.0,0.0,0.0,0.0,131.863129,8.35,B,123737,False,False,False,False,12,3,2010
2010-03-26,15,56,2462.74,False,39.53,2.963,0.0,0.0,0.0,0.0,0.0,131.863129,8.35,B,123737,False,False,False,False,12,3,2010
2010-03-26,15,58,1150.0,False,39.53,2.963,0.0,0.0,0.0,0.0,0.0,131.863129,8.35,B,123737,False,False,False,False,12,3,2010
2010-03-26,15,59,404.58,False,39.53,2.963,0.0,0.0,0.0,0.0,0.0,131.863129,8.35,B,123737,False,False,False,False,12,3,2010
2010-03-26,15,67,6513.51,False,39.53,2.963,0.0,0.0,0.0,0.0,0.0,131.863129,8.35,B,123737,False,False,False,False,12,3,2010
2010-03-26,15,71,3449.5,False,39.53,2.963,0.0,0.0,0.0,0.0,0.0,131.863129,8.35,B,123737,False,False,False,False,12,3,2010
2010-03-26,15,72,34463.9,False,39.53,2.963,0.0,0.0,0.0,0.0,0.0,131.863129,8.35,B,123737,False,False,False,False,12,3,2010
2010-03-26,15,74,13725.75,False,39.53,2.963,0.0,0.0,0.0,0.0,0.0,131.863129,8.35,B,123737,False,False,False,False,12,3,2010
2010-03-26,15,79,9855.87,False,39.53,2.963,0.0,0.0,0.0,0.0,0.0,131.863129,8.35,B,123737,False,False,False,False,12,3,2010
2010-03-26,15,80,39.9,False,39.53,2.963,0.0,0.0,0.0,0.0,0.0,131.863129,8.35,B,123737,False,False,False,False,12,3,2010
2010-03-26,15,81,5109.13,False,39.53,2.963,0.0,0.0,0.0,0.0,0.0,131.863129,8.35,B,123737,False,False,False,False,12,3,2010
2010-03-26,15,82,8154.03,False,39.53,2.963,0.0,0.0,0.0,0.0,0.0,131.863129,8.35,B,123737,False,False,False,False,12,3,2010
2010-03-26,15,83,428.56,False,39.53,2.963,0.0,0.0,0.0,0.0,0.0,131.863129,8.35,B,123737,False,False,False,False,12,3,2010
2010-03-26,15,85,1701.91,False,39.53,2.963,0.0,0.0,0.0,0.0,0.0,131.863129,8.35,B,123737,False,False,False,False,12,3,2010
2010-03-26,15,87,7275.14,False,39.53,2.963,0.0,0.0,0.0,0.0,0.0,131.863129,8.35,B,123737,False,False,False,False,12,3,2010
2010-03-26,15,90,5449.08,False,39.53,2.963,0.0,0.0,0.0,0.0,0.0,131.863129,8.35,B,123737,False,False,False,False,12,3,2010
2010-03-26,15,91,3495.06,False,39.53,2.963,0.0,0.0,0.0,0.0,0.0,131.863129,8.35,B,123737,False,False,False,False,12,3,2010
2010-03-26,15,92,17323.86,False,39.53,2.963,0.0,0.0,0.0,0.0,0.0,131.863129,8.35,B,123737,False,False,False,False,12,3,2010
2010-03-26,15,93,676.1,False,39.53,2.963,0.0,0.0,0.0,0.0,0.0,131.863129,8.35,B,123737,False,False,False,False,12,3,2010
2010-03-26,15,95,24840.71,False,39.53,2.963,0.0,0.0,0.0,0.0,0.0,131.863129,8.35,B,123737,False,False,False,False,12,3,2010
2010-03-26,15,96,1801.53,False,39.53,2.963,0.0,0.0,0.0,0.0,0.0,131.863129,8.35,B,123737,False,False,False,False,12,3,2010
2010-03-26,15,97,1929.28,False,39.53,2.963,0.0,0.0,0.0,0.0,0.0,131.863129,8.35,B,123737,False,False,False,False,12,3,2010
2010-04-02,15,1,49610.9,False,45.27,2.957,0.0,0.0,0.0,0.0,0.0,131.9019677,8.185,B,123737,False,False,False,False,13,4,2010
2010-04-02,15,2,27388.59,False,45.27,2.957,0.0,0.0,0.0,0.0,0.0,131.9019677,8.185,B,123737,False,False,False,False,13,4,2010
2010-04-02,15,3,7627.53,False,45.27,2.957,0.0,0.0,0.0,0.0,0.0,131.9019677,8.185,B,123737,False,False,False,False,13,4,2010
2010-04-02,15,4,12893.52,False,45.27,2.957,0.0,0.0,0.0,0.0,0.0,131.9019677,8.185,B,123737,False,False,False,False,13,4,2010
2010-04-02,15,5,27421.18,False,45.27,2.957,0.0,0.0,0.0,0.0,0.0,131.9019677,8.185,B,123737,False,False,False,False,13,4,2010
2010-04-02,15,6,4827.49,False,45.27,2.957,0.0,0.0,0.0,0.0,0.0,131.9019677,8.185,B,123737,False,False,False,False,13,4,2010
2010-04-02,15,7,33498.87,False,45.27,2.957,0.0,0.0,0.0,0.0,0.0,131.9019677,8.185,B,123737,False,False,False,False,13,4,2010
2010-04-02,15,8,19906.72,False,45.27,2.957,0.0,0.0,0.0,0.0,0.0,131.9019677,8.185,B,123737,False,False,False,False,13,4,2010
2010-04-02,15,9,20816.05,False,45.27,2.957,0.0,0.0,0.0,0.0,0.0,131.9019677,8.185,B,123737,False,False,False,False,13,4,2010
2010-04-02,15,10,12645.79,False,45.27,2.957,0.0,0.0,0.0,0.0,0.0,131.9019677,8.185,B,123737,False,False,False,False,13,4,2010
2010-04-02,15,11,13112.3,False,45.27,2.957,0.0,0.0,0.0,0.0,0.0,131.9019677,8.185,B,123737,False,False,False,False,13,4,2010
2010-04-02,15,12,3363.36,False,45.27,2.957,0.0,0.0,0.0,0.0,0.0,131.9019677,8.185,B,123737,False,False,False,False,13,4,2010
2010-04-02,15,13,21198.47,False,45.27,2.957,0.0,0.0,0.0,0.0,0.0,131.9019677,8.185,B,123737,False,False,False,False,13,4,2010
2010-04-02,15,14,14445.55,False,45.27,2.957,0.0,0.0,0.0,0.0,0.0,131.9019677,8.185,B,123737,False,False,False,False,13,4,2010
2010-04-02,15,16,17045.0,False,45.27,2.957,0.0,0.0,0.0,0.0,0.0,131.9019677,8.185,B,123737,False,False,False,False,13,4,2010
2010-04-02,15,17,11747.83,False,45.27,2.957,0.0,0.0,0.0,0.0,0.0,131.9019677,8.185,B,123737,False,False,False,False,13,4,2010
2010-04-02,15,18,10095.34,False,45.27,2.957,0.0,0.0,0.0,0.0,0.0,131.9019677,8.185,B,123737,False,False,False,False,13,4,2010
2010-04-02,15,19,1155.64,False,45.27,2.957,0.0,0.0,0.0,0.0,0.0,131.9019677,8.185,B,123737,False,False,False,False,13,4,2010
2010-04-02,15,20,4749.58,False,45.27,2.957,0.0,0.0,0.0,0.0,0.0,131.9019677,8.185,B,123737,False,False,False,False,13,4,2010
2010-04-02,15,21,4429.64,False,45.27,2.957,0.0,0.0,0.0,0.0,0.0,131.9019677,8.185,B,123737,False,False,False,False,13,4,2010
2010-04-02,15,22,6905.57,False,45.27,2.957,0.0,0.0,0.0,0.0,0.0,131.9019677,8.185,B,123737,False,False,False,False,13,4,2010
2010-04-02,15,23,21196.58,False,45.27,2.957,0.0,0.0,0.0,0.0,0.0,131.9019677,8.185,B,123737,False,False,False,False,13,4,2010
2010-04-02,15,24,6427.19,False,45.27,2.957,0.0,0.0,0.0,0.0,0.0,131.9019677,8.185,B,123737,False,False,False,False,13,4,2010
2010-04-02,15,25,11792.06,False,45.27,2.957,0.0,0.0,0.0,0.0,0.0,131.9019677,8.185,B,123737,False,False,False,False,13,4,2010
2010-04-02,15,26,7649.39,False,45.27,2.957,0.0,0.0,0.0,0.0,0.0,131.9019677,8.185,B,123737,False,False,False,False,13,4,2010
2010-04-02,15,27,1517.5,False,45.27,2.957,0.0,0.0,0.0,0.0,0.0,131.9019677,8.185,B,123737,False,False,False,False,13,4,2010
2010-04-02,15,28,1298.76,False,45.27,2.957,0.0,0.0,0.0,0.0,0.0,131.9019677,8.185,B,123737,False,False,False,False,13,4,2010
2010-04-02,15,29,4125.44,False,45.27,2.957,0.0,0.0,0.0,0.0,0.0,131.9019677,8.185,B,123737,False,False,False,False,13,4,2010
2010-04-02,15,30,3914.5,False,45.27,2.957,0.0,0.0,0.0,0.0,0.0,131.9019677,8.185,B,123737,False,False,False,False,13,4,2010
2010-04-02,15,31,2511.98,False,45.27,2.957,0.0,0.0,0.0,0.0,0.0,131.9019677,8.185,B,123737,False,False,False,False,13,4,2010
2010-04-02,15,32,5593.42,False,45.27,2.957,0.0,0.0,0.0,0.0,0.0,131.9019677,8.185,B,123737,False,False,False,False,13,4,2010
2010-04-02,15,33,5900.5,False,45.27,2.957,0.0,0.0,0.0,0.0,0.0,131.9019677,8.185,B,123737,False,False,False,False,13,4,2010
2010-04-02,15,34,16783.8,False,45.27,2.957,0.0,0.0,0.0,0.0,0.0,131.9019677,8.185,B,123737,False,False,False,False,13,4,2010
2010-04-02,15,35,3544.0,False,45.27,2.957,0.0,0.0,0.0,0.0,0.0,131.9019677,8.185,B,123737,False,False,False,False,13,4,2010
2010-04-02,15,36,1443.5,False,45.27,2.957,0.0,0.0,0.0,0.0,0.0,131.9019677,8.185,B,123737,False,False,False,False,13,4,2010
2010-04-02,15,38,59354.12,False,45.27,2.957,0.0,0.0,0.0,0.0,0.0,131.9019677,8.185,B,123737,False,False,False,False,13,4,2010
2010-04-02,15,40,31163.25,False,45.27,2.957,0.0,0.0,0.0,0.0,0.0,131.9019677,8.185,B,123737,False,False,False,False,13,4,2010
2010-04-02,15,41,96.0,False,45.27,2.957,0.0,0.0,0.0,0.0,0.0,131.9019677,8.185,B,123737,False,False,False,False,13,4,2010
2010-04-02,15,42,4031.9,False,45.27,2.957,0.0,0.0,0.0,0.0,0.0,131.9019677,8.185,B,123737,False,False,False,False,13,4,2010
2010-04-02,15,44,3433.82,False,45.27,2.957,0.0,0.0,0.0,0.0,0.0,131.9019677,8.185,B,123737,False,False,False,False,13,4,2010
2010-04-02,15,45,4.75,False,45.27,2.957,0.0,0.0,0.0,0.0,0.0,131.9019677,8.185,B,123737,False,False,False,False,13,4,2010
2010-04-02,15,46,14019.72,False,45.27,2.957,0.0,0.0,0.0,0.0,0.0,131.9019677,8.185,B,123737,False,False,False,False,13,4,2010
2010-04-02,15,47,15.0,False,45.27,2.957,0.0,0.0,0.0,0.0,0.0,131.9019677,8.185,B,123737,False,False,False,False,13,4,2010
2010-04-02,15,49,12294.26,False,45.27,2.957,0.0,0.0,0.0,0.0,0.0,131.9019677,8.185,B,123737,False,False,False,False,13,4,2010
2010-04-02,15,50,2680.0,False,45.27,2.957,0.0,0.0,0.0,0.0,0.0,131.9019677,8.185,B,123737,False,False,False,False,13,4,2010
2010-04-02,15,51,19.52,False,45.27,2.957,0.0,0.0,0.0,0.0,0.0,131.9019677,8.185,B,123737,False,False,False,False,13,4,2010
2010-04-02,15,52,2232.91,False,45.27,2.957,0.0,0.0,0.0,0.0,0.0,131.9019677,8.185,B,123737,False,False,False,False,13,4,2010
2010-04-02,15,54,95.0,False,45.27,2.957,0.0,0.0,0.0,0.0,0.0,131.9019677,8.185,B,123737,False,False,False,False,13,4,2010
2010-04-02,15,55,8637.14,False,45.27,2.957,0.0,0.0,0.0,0.0,0.0,131.9019677,8.185,B,123737,False,False,False,False,13,4,2010
2010-04-02,15,56,7037.67,False,45.27,2.957,0.0,0.0,0.0,0.0,0.0,131.9019677,8.185,B,123737,False,False,False,False,13,4,2010
2010-04-02,15,58,670.0,False,45.27,2.957,0.0,0.0,0.0,0.0,0.0,131.9019677,8.185,B,123737,False,False,False,False,13,4,2010
2010-04-02,15,59,460.67,False,45.27,2.957,0.0,0.0,0.0,0.0,0.0,131.9019677,8.185,B,123737,False,False,False,False,13,4,2010
2010-04-02,15,67,9083.94,False,45.27,2.957,0.0,0.0,0.0,0.0,0.0,131.9019677,8.185,B,123737,False,False,False,False,13,4,2010
2010-04-02,15,71,4681.42,False,45.27,2.957,0.0,0.0,0.0,0.0,0.0,131.9019677,8.185,B,123737,False,False,False,False,13,4,2010
2010-04-02,15,72,28666.75,False,45.27,2.957,0.0,0.0,0.0,0.0,0.0,131.9019677,8.185,B,123737,False,False,False,False,13,4,2010
2010-04-02,15,74,13410.34,False,45.27,2.957,0.0,0.0,0.0,0.0,0.0,131.9019677,8.185,B,123737,False,False,False,False,13,4,2010
2010-04-02,15,79,9086.8,False,45.27,2.957,0.0,0.0,0.0,0.0,0.0,131.9019677,8.185,B,123737,False,False,False,False,13,4,2010
2010-04-02,15,80,112.07,False,45.27,2.957,0.0,0.0,0.0,0.0,0.0,131.9019677,8.185,B,123737,False,False,False,False,13,4,2010
2010-04-02,15,81,5913.14,False,45.27,2.957,0.0,0.0,0.0,0.0,0.0,131.9019677,8.185,B,123737,False,False,False,False,13,4,2010
2010-04-02,15,82,11548.01,False,45.27,2.957,0.0,0.0,0.0,0.0,0.0,131.9019677,8.185,B,123737,False,False,False,False,13,4,2010
2010-04-02,15,83,450.74,False,45.27,2.957,0.0,0.0,0.0,0.0,0.0,131.9019677,8.185,B,123737,False,False,False,False,13,4,2010
2010-04-02,15,85,2281.36,False,45.27,2.957,0.0,0.0,0.0,0.0,0.0,131.9019677,8.185,B,123737,False,False,False,False,13,4,2010
2010-04-02,15,87,7353.65,False,45.27,2.957,0.0,0.0,0.0,0.0,0.0,131.9019677,8.185,B,123737,False,False,False,False,13,4,2010
2010-04-02,15,90,6183.87,False,45.27,2.957,0.0,0.0,0.0,0.0,0.0,131.9019677,8.185,B,123737,False,False,False,False,13,4,2010
2010-04-02,15,91,3137.68,False,45.27,2.957,0.0,0.0,0.0,0.0,0.0,131.9019677,8.185,B,123737,False,False,False,False,13,4,2010
2010-04-02,15,92,18356.88,False,45.27,2.957,0.0,0.0,0.0,0.0,0.0,131.9019677,8.185,B,123737,False,False,False,False,13,4,2010
2010-04-02,15,93,442.76,False,45.27,2.957,0.0,0.0,0.0,0.0,0.0,131.9019677,8.185,B,123737,False,False,False,False,13,4,2010
2010-04-02,15,94,0.98,False,45.27,2.957,0.0,0.0,0.0,0.0,0.0,131.9019677,8.185,B,123737,False,False,False,False,13,4,2010
2010-04-02,15,95,28643.29,False,45.27,2.957,0.0,0.0,0.0,0.0,0.0,131.9019677,8.185,B,123737,False,False,False,False,13,4,2010
2010-04-02,15,96,2443.37,False,45.27,2.957,0.0,0.0,0.0,0.0,0.0,131.9019677,8.185,B,123737,False,False,False,False,13,4,2010
2010-04-02,15,97,1844.39,False,45.27,2.957,0.0,0.0,0.0,0.0,0.0,131.9019677,8.185,B,123737,False,False,False,False,13,4,2010
2010-04-09,15,1,31548.24,False,57.77,2.992,0.0,0.0,0.0,0.0,0.0,131.9408065,8.185,B,123737,False,False,False,False,14,4,2010
2010-04-09,15,2,27313.37,False,57.77,2.992,0.0,0.0,0.0,0.0,0.0,131.9408065,8.185,B,123737,False,False,False,False,14,4,2010
2010-04-09,15,3,6586.63,False,57.77,2.992,0.0,0.0,0.0,0.0,0.0,131.9408065,8.185,B,123737,False,False,False,False,14,4,2010
2010-04-09,15,4,11110.34,False,57.77,2.992,0.0,0.0,0.0,0.0,0.0,131.9408065,8.185,B,123737,False,False,False,False,14,4,2010
2010-04-09,15,5,15478.12,False,57.77,2.992,0.0,0.0,0.0,0.0,0.0,131.9408065,8.185,B,123737,False,False,False,False,14,4,2010
2010-04-09,15,6,3600.37,False,57.77,2.992,0.0,0.0,0.0,0.0,0.0,131.9408065,8.185,B,123737,False,False,False,False,14,4,2010
2010-04-09,15,7,25164.92,False,57.77,2.992,0.0,0.0,0.0,0.0,0.0,131.9408065,8.185,B,123737,False,False,False,False,14,4,2010
2010-04-09,15,8,19489.91,False,57.77,2.992,0.0,0.0,0.0,0.0,0.0,131.9408065,8.185,B,123737,False,False,False,False,14,4,2010
2010-04-09,15,9,15140.05,False,57.77,2.992,0.0,0.0,0.0,0.0,0.0,131.9408065,8.185,B,123737,False,False,False,False,14,4,2010
2010-04-09,15,10,13257.15,False,57.77,2.992,0.0,0.0,0.0,0.0,0.0,131.9408065,8.185,B,123737,False,False,False,False,14,4,2010
2010-04-09,15,11,12219.41,False,57.77,2.992,0.0,0.0,0.0,0.0,0.0,131.9408065,8.185,B,123737,False,False,False,False,14,4,2010
2010-04-09,15,12,3932.95,False,57.77,2.992,0.0,0.0,0.0,0.0,0.0,131.9408065,8.185,B,123737,False,False,False,False,14,4,2010
2010-04-09,15,13,18810.86,False,57.77,2.992,0.0,0.0,0.0,0.0,0.0,131.9408065,8.185,B,123737,False,False,False,False,14,4,2010
2010-04-09,15,14,11428.82,False,57.77,2.992,0.0,0.0,0.0,0.0,0.0,131.9408065,8.185,B,123737,False,False,False,False,14,4,2010
2010-04-09,15,16,23022.41,False,57.77,2.992,0.0,0.0,0.0,0.0,0.0,131.9408065,8.185,B,123737,False,False,False,False,14,4,2010
2010-04-09,15,17,8956.75,False,57.77,2.992,0.0,0.0,0.0,0.0,0.0,131.9408065,8.185,B,123737,False,False,False,False,14,4,2010
2010-04-09,15,18,6598.91,False,57.77,2.992,0.0,0.0,0.0,0.0,0.0,131.9408065,8.185,B,123737,False,False,False,False,14,4,2010
2010-04-09,15,19,959.37,False,57.77,2.992,0.0,0.0,0.0,0.0,0.0,131.9408065,8.185,B,123737,False,False,False,False,14,4,2010
2010-04-09,15,20,4639.29,False,57.77,2.992,0.0,0.0,0.0,0.0,0.0,131.9408065,8.185,B,123737,False,False,False,False,14,4,2010
2010-04-09,15,21,3379.88,False,57.77,2.992,0.0,0.0,0.0,0.0,0.0,131.9408065,8.185,B,123737,False,False,False,False,14,4,2010
2010-04-09,15,22,7735.89,False,57.77,2.992,0.0,0.0,0.0,0.0,0.0,131.9408065,8.185,B,123737,False,False,False,False,14,4,2010
2010-04-09,15,23,22102.09,False,57.77,2.992,0.0,0.0,0.0,0.0,0.0,131.9408065,8.185,B,123737,False,False,False,False,14,4,2010
2010-04-09,15,24,6791.32,False,57.77,2.992,0.0,0.0,0.0,0.0,0.0,131.9408065,8.185,B,123737,False,False,False,False,14,4,2010
2010-04-09,15,25,11587.0,False,57.77,2.992,0.0,0.0,0.0,0.0,0.0,131.9408065,8.185,B,123737,False,False,False,False,14,4,2010
2010-04-09,15,26,6474.03,False,57.77,2.992,0.0,0.0,0.0,0.0,0.0,131.9408065,8.185,B,123737,False,False,False,False,14,4,2010
2010-04-09,15,27,1734.44,False,57.77,2.992,0.0,0.0,0.0,0.0,0.0,131.9408065,8.185,B,123737,False,False,False,False,14,4,2010
2010-04-09,15,28,1201.29,False,57.77,2.992,0.0,0.0,0.0,0.0,0.0,131.9408065,8.185,B,123737,False,False,False,False,14,4,2010
2010-04-09,15,29,4342.19,False,57.77,2.992,0.0,0.0,0.0,0.0,0.0,131.9408065,8.185,B,123737,False,False,False,False,14,4,2010
2010-04-09,15,30,3791.49,False,57.77,2.992,0.0,0.0,0.0,0.0,0.0,131.9408065,8.185,B,123737,False,False,False,False,14,4,2010
2010-04-09,15,31,2073.54,False,57.77,2.992,0.0,0.0,0.0,0.0,0.0,131.9408065,8.185,B,123737,False,False,False,False,14,4,2010
2010-04-09,15,32,5066.57,False,57.77,2.992,0.0,0.0,0.0,0.0,0.0,131.9408065,8.185,B,123737,False,False,False,False,14,4,2010
2010-04-09,15,33,5386.5,False,57.77,2.992,0.0,0.0,0.0,0.0,0.0,131.9408065,8.185,B,123737,False,False,False,False,14,4,2010
2010-04-09,15,34,19560.2,False,57.77,2.992,0.0,0.0,0.0,0.0,0.0,131.9408065,8.185,B,123737,False,False,False,False,14,4,2010
2010-04-09,15,35,3486.5,False,57.77,2.992,0.0,0.0,0.0,0.0,0.0,131.9408065,8.185,B,123737,False,False,False,False,14,4,2010
2010-04-09,15,36,1555.0,False,57.77,2.992,0.0,0.0,0.0,0.0,0.0,131.9408065,8.185,B,123737,False,False,False,False,14,4,2010
2010-04-09,15,38,53246.28,False,57.77,2.992,0.0,0.0,0.0,0.0,0.0,131.9408065,8.185,B,123737,False,False,False,False,14,4,2010
2010-04-09,15,40,30103.54,False,57.77,2.992,0.0,0.0,0.0,0.0,0.0,131.9408065,8.185,B,123737,False,False,False,False,14,4,2010
2010-04-09,15,41,204.0,False,57.77,2.992,0.0,0.0,0.0,0.0,0.0,131.9408065,8.185,B,123737,False,False,False,False,14,4,2010
2010-04-09,15,42,3323.25,False,57.77,2.992,0.0,0.0,0.0,0.0,0.0,131.9408065,8.185,B,123737,False,False,False,False,14,4,2010
2010-04-09,15,44,3043.1,False,57.77,2.992,0.0,0.0,0.0,0.0,0.0,131.9408065,8.185,B,123737,False,False,False,False,14,4,2010
2010-04-09,15,46,13288.46,False,57.77,2.992,0.0,0.0,0.0,0.0,0.0,131.9408065,8.185,B,123737,False,False,False,False,14,4,2010
2010-04-09,15,47,99.0,False,57.77,2.992,0.0,0.0,0.0,0.0,0.0,131.9408065,8.185,B,123737,False,False,False,False,14,4,2010
2010-04-09,15,49,8235.07,False,57.77,2.992,0.0,0.0,0.0,0.0,0.0,131.9408065,8.185,B,123737,False,False,False,False,14,4,2010
2010-04-09,15,50,1832.0,False,57.77,2.992,0.0,0.0,0.0,0.0,0.0,131.9408065,8.185,B,123737,False,False,False,False,14,4,2010
2010-04-09,15,51,29.88,False,57.77,2.992,0.0,0.0,0.0,0.0,0.0,131.9408065,8.185,B,123737,False,False,False,False,14,4,2010
2010-04-09,15,52,1777.76,False,57.77,2.992,0.0,0.0,0.0,0.0,0.0,131.9408065,8.185,B,123737,False,False,False,False,14,4,2010
2010-04-09,15,54,23.5,False,57.77,2.992,0.0,0.0,0.0,0.0,0.0,131.9408065,8.185,B,123737,False,False,False,False,14,4,2010
2010-04-09,15,55,6910.14,False,57.77,2.992,0.0,0.0,0.0,0.0,0.0,131.9408065,8.185,B,123737,False,False,False,False,14,4,2010
2010-04-09,15,56,5850.34,False,57.77,2.992,0.0,0.0,0.0,0.0,0.0,131.9408065,8.185,B,123737,False,False,False,False,14,4,2010
2010-04-09,15,58,248.0,False,57.77,2.992,0.0,0.0,0.0,0.0,0.0,131.9408065,8.185,B,123737,False,False,False,False,14,4,2010
2010-04-09,15,59,412.76,False,57.77,2.992,0.0,0.0,0.0,0.0,0.0,131.9408065,8.185,B,123737,False,False,False,False,14,4,2010
2010-04-09,15,67,5980.01,False,57.77,2.992,0.0,0.0,0.0,0.0,0.0,131.9408065,8.185,B,123737,False,False,False,False,14,4,2010
2010-04-09,15,71,4338.06,False,57.77,2.992,0.0,0.0,0.0,0.0,0.0,131.9408065,8.185,B,123737,False,False,False,False,14,4,2010
2010-04-09,15,72,29172.35,False,57.77,2.992,0.0,0.0,0.0,0.0,0.0,131.9408065,8.185,B,123737,False,False,False,False,14,4,2010
2010-04-09,15,74,12496.26,False,57.77,2.992,0.0,0.0,0.0,0.0,0.0,131.9408065,8.185,B,123737,False,False,False,False,14,4,2010
2010-04-09,15,79,8816.71,False,57.77,2.992,0.0,0.0,0.0,0.0,0.0,131.9408065,8.185,B,123737,False,False,False,False,14,4,2010
2010-04-09,15,80,35.86,False,57.77,2.992,0.0,0.0,0.0,0.0,0.0,131.9408065,8.185,B,123737,False,False,False,False,14,4,2010
2010-04-09,15,81,5137.18,False,57.77,2.992,0.0,0.0,0.0,0.0,0.0,131.9408065,8.185,B,123737,False,False,False,False,14,4,2010
2010-04-09,15,82,9159.23,False,57.77,2.992,0.0,0.0,0.0,0.0,0.0,131.9408065,8.185,B,123737,False,False,False,False,14,4,2010
2010-04-09,15,83,366.7,False,57.77,2.992,0.0,0.0,0.0,0.0,0.0,131.9408065,8.185,B,123737,False,False,False,False,14,4,2010
2010-04-09,15,85,2725.95,False,57.77,2.992,0.0,0.0,0.0,0.0,0.0,131.9408065,8.185,B,123737,False,False,False,False,14,4,2010
2010-04-09,15,87,7886.68,False,57.77,2.992,0.0,0.0,0.0,0.0,0.0,131.9408065,8.185,B,123737,False,False,False,False,14,4,2010
2010-04-09,15,90,5227.7,False,57.77,2.992,0.0,0.0,0.0,0.0,0.0,131.9408065,8.185,B,123737,False,False,False,False,14,4,2010
2010-04-09,15,91,3257.58,False,57.77,2.992,0.0,0.0,0.0,0.0,0.0,131.9408065,8.185,B,123737,False,False,False,False,14,4,2010
2010-04-09,15,92,15855.63,False,57.77,2.992,0.0,0.0,0.0,0.0,0.0,131.9408065,8.185,B,123737,False,False,False,False,14,4,2010
2010-04-09,15,93,671.28,False,57.77,2.992,0.0,0.0,0.0,0.0,0.0,131.9408065,8.185,B,123737,False,False,False,False,14,4,2010
2010-04-09,15,94,12.23,False,57.77,2.992,0.0,0.0,0.0,0.0,0.0,131.9408065,8.185,B,123737,False,False,False,False,14,4,2010
2010-04-09,15,95,25043.01,False,57.77,2.992,0.0,0.0,0.0,0.0,0.0,131.9408065,8.185,B,123737,False,False,False,False,14,4,2010
2010-04-09,15,96,2309.43,False,57.77,2.992,0.0,0.0,0.0,0.0,0.0,131.9408065,8.185,B,123737,False,False,False,False,14,4,2010
2010-04-09,15,97,1983.66,False,57.77,2.992,0.0,0.0,0.0,0.0,0.0,131.9408065,8.185,B,123737,False,False,False,False,14,4,2010
2010-04-16,15,1,9646.55,False,49.63,3.01,0.0,0.0,0.0,0.0,0.0,131.9809,8.185,B,123737,False,False,False,False,15,4,2010
2010-04-16,15,2,29601.69,False,49.63,3.01,0.0,0.0,0.0,0.0,0.0,131.9809,8.185,B,123737,False,False,False,False,15,4,2010
2010-04-16,15,3,7750.92,False,49.63,3.01,0.0,0.0,0.0,0.0,0.0,131.9809,8.185,B,123737,False,False,False,False,15,4,2010
2010-04-16,15,4,12966.01,False,49.63,3.01,0.0,0.0,0.0,0.0,0.0,131.9809,8.185,B,123737,False,False,False,False,15,4,2010
2010-04-16,15,5,14682.23,False,49.63,3.01,0.0,0.0,0.0,0.0,0.0,131.9809,8.185,B,123737,False,False,False,False,15,4,2010
2010-04-16,15,6,4738.13,False,49.63,3.01,0.0,0.0,0.0,0.0,0.0,131.9809,8.185,B,123737,False,False,False,False,15,4,2010
2010-04-16,15,7,22788.96,False,49.63,3.01,0.0,0.0,0.0,0.0,0.0,131.9809,8.185,B,123737,False,False,False,False,15,4,2010
2010-04-16,15,8,20502.9,False,49.63,3.01,0.0,0.0,0.0,0.0,0.0,131.9809,8.185,B,123737,False,False,False,False,15,4,2010
2010-04-16,15,9,18672.0,False,49.63,3.01,0.0,0.0,0.0,0.0,0.0,131.9809,8.185,B,123737,False,False,False,False,15,4,2010
2010-04-16,15,10,14190.01,False,49.63,3.01,0.0,0.0,0.0,0.0,0.0,131.9809,8.185,B,123737,False,False,False,False,15,4,2010
2010-04-16,15,11,11141.58,False,49.63,3.01,0.0,0.0,0.0,0.0,0.0,131.9809,8.185,B,123737,False,False,False,False,15,4,2010
2010-04-16,15,12,3823.14,False,49.63,3.01,0.0,0.0,0.0,0.0,0.0,131.9809,8.185,B,123737,False,False,False,False,15,4,2010
2010-04-16,15,13,21511.97,False,49.63,3.01,0.0,0.0,0.0,0.0,0.0,131.9809,8.185,B,123737,False,False,False,False,15,4,2010
2010-04-16,15,14,11360.91,False,49.63,3.01,0.0,0.0,0.0,0.0,0.0,131.9809,8.185,B,123737,False,False,False,False,15,4,2010
2010-04-16,15,16,26609.08,False,49.63,3.01,0.0,0.0,0.0,0.0,0.0,131.9809,8.185,B,123737,False,False,False,False,15,4,2010
2010-04-16,15,17,10475.77,False,49.63,3.01,0.0,0.0,0.0,0.0,0.0,131.9809,8.185,B,123737,False,False,False,False,15,4,2010
2010-04-16,15,18,678.07,False,49.63,3.01,0.0,0.0,0.0,0.0,0.0,131.9809,8.185,B,123737,False,False,False,False,15,4,2010
2010-04-16,15,19,861.49,False,49.63,3.01,0.0,0.0,0.0,0.0,0.0,131.9809,8.185,B,123737,False,False,False,False,15,4,2010
2010-04-16,15,20,4240.24,False,49.63,3.01,0.0,0.0,0.0,0.0,0.0,131.9809,8.185,B,123737,False,False,False,False,15,4,2010
2010-04-16,15,21,3283.55,False,49.63,3.01,0.0,0.0,0.0,0.0,0.0,131.9809,8.185,B,123737,False,False,False,False,15,4,2010
2010-04-16,15,22,8029.99,False,49.63,3.01,0.0,0.0,0.0,0.0,0.0,131.9809,8.185,B,123737,False,False,False,False,15,4,2010
2010-04-16,15,23,20264.45,False,49.63,3.01,0.0,0.0,0.0,0.0,0.0,131.9809,8.185,B,123737,False,False,False,False,15,4,2010
2010-04-16,15,24,4809.38,False,49.63,3.01,0.0,0.0,0.0,0.0,0.0,131.9809,8.185,B,123737,False,False,False,False,15,4,2010
2010-04-16,15,25,10271.25,False,49.63,3.01,0.0,0.0,0.0,0.0,0.0,131.9809,8.185,B,123737,False,False,False,False,15,4,2010
2010-04-16,15,26,5036.58,False,49.63,3.01,0.0,0.0,0.0,0.0,0.0,131.9809,8.185,B,123737,False,False,False,False,15,4,2010
2010-04-16,15,27,1571.75,False,49.63,3.01,0.0,0.0,0.0,0.0,0.0,131.9809,8.185,B,123737,False,False,False,False,15,4,2010
2010-04-16,15,28,978.64,False,49.63,3.01,0.0,0.0,0.0,0.0,0.0,131.9809,8.185,B,123737,False,False,False,False,15,4,2010
2010-04-16,15,29,4270.75,False,49.63,3.01,0.0,0.0,0.0,0.0,0.0,131.9809,8.185,B,123737,False,False,False,False,15,4,2010
2010-04-16,15,30,3627.0,False,49.63,3.01,0.0,0.0,0.0,0.0,0.0,131.9809,8.185,B,123737,False,False,False,False,15,4,2010
2010-04-16,15,31,2130.34,False,49.63,3.01,0.0,0.0,0.0,0.0,0.0,131.9809,8.185,B,123737,False,False,False,False,15,4,2010
2010-04-16,15,32,5156.58,False,49.63,3.01,0.0,0.0,0.0,0.0,0.0,131.9809,8.185,B,123737,False,False,False,False,15,4,2010
2010-04-16,15,33,4250.75,False,49.63,3.01,0.0,0.0,0.0,0.0,0.0,131.9809,8.185,B,123737,False,False,False,False,15,4,2010
2010-04-16,15,34,17487.5,False,49.63,3.01,0.0,0.0,0.0,0.0,0.0,131.9809,8.185,B,123737,False,False,False,False,15,4,2010
2010-04-16,15,35,2452.0,False,49.63,3.01,0.0,0.0,0.0,0.0,0.0,131.9809,8.185,B,123737,False,False,False,False,15,4,2010
2010-04-16,15,36,1260.0,False,49.63,3.01,0.0,0.0,0.0,0.0,0.0,131.9809,8.185,B,123737,False,False,False,False,15,4,2010
2010-04-16,15,38,58709.67,False,49.63,3.01,0.0,0.0,0.0,0.0,0.0,131.9809,8.185,B,123737,False,False,False,False,15,4,2010
2010-04-16,15,40,32545.62,False,49.63,3.01,0.0,0.0,0.0,0.0,0.0,131.9809,8.185,B,123737,False,False,False,False,15,4,2010
2010-04-16,15,41,277.0,False,49.63,3.01,0.0,0.0,0.0,0.0,0.0,131.9809,8.185,B,123737,False,False,False,False,15,4,2010
2010-04-16,15,42,4004.86,False,49.63,3.01,0.0,0.0,0.0,0.0,0.0,131.9809,8.185,B,123737,False,False,False,False,15,4,2010
2010-04-16,15,44,3118.94,False,49.63,3.01,0.0,0.0,0.0,0.0,0.0,131.9809,8.185,B,123737,False,False,False,False,15,4,2010
2010-04-16,15,46,14450.01,False,49.63,3.01,0.0,0.0,0.0,0.0,0.0,131.9809,8.185,B,123737,False,False,False,False,15,4,2010
2010-04-16,15,47,15.0,False,49.63,3.01,0.0,0.0,0.0,0.0,0.0,131.9809,8.185,B,123737,False,False,False,False,15,4,2010
2010-04-16,15,49,8401.21,False,49.63,3.01,0.0,0.0,0.0,0.0,0.0,131.9809,8.185,B,123737,False,False,False,False,15,4,2010
2010-04-16,15,50,1997.0,False,49.63,3.01,0.0,0.0,0.0,0.0,0.0,131.9809,8.185,B,123737,False,False,False,False,15,4,2010
2010-04-16,15,51,2.96,False,49.63,3.01,0.0,0.0,0.0,0.0,0.0,131.9809,8.185,B,123737,False,False,False,False,15,4,2010
2010-04-16,15,52,1886.61,False,49.63,3.01,0.0,0.0,0.0,0.0,0.0,131.9809,8.185,B,123737,False,False,False,False,15,4,2010
2010-04-16,15,54,153.0,False,49.63,3.01,0.0,0.0,0.0,0.0,0.0,131.9809,8.185,B,123737,False,False,False,False,15,4,2010
2010-04-16,15,55,5829.18,False,49.63,3.01,0.0,0.0,0.0,0.0,0.0,131.9809,8.185,B,123737,False,False,False,False,15,4,2010
2010-04-16,15,56,5969.94,False,49.63,3.01,0.0,0.0,0.0,0.0,0.0,131.9809,8.185,B,123737,False,False,False,False,15,4,2010
2010-04-16,15,58,666.0,False,49.63,3.01,0.0,0.0,0.0,0.0,0.0,131.9809,8.185,B,123737,False,False,False,False,15,4,2010
2010-04-16,15,59,525.53,False,49.63,3.01,0.0,0.0,0.0,0.0,0.0,131.9809,8.185,B,123737,False,False,False,False,15,4,2010
2010-04-16,15,67,5355.13,False,49.63,3.01,0.0,0.0,0.0,0.0,0.0,131.9809,8.185,B,123737,False,False,False,False,15,4,2010
2010-04-16,15,71,4440.86,False,49.63,3.01,0.0,0.0,0.0,0.0,0.0,131.9809,8.185,B,123737,False,False,False,False,15,4,2010
2010-04-16,15,72,40959.68,False,49.63,3.01,0.0,0.0,0.0,0.0,0.0,131.9809,8.185,B,123737,False,False,False,False,15,4,2010
2010-04-16,15,74,14937.79,False,49.63,3.01,0.0,0.0,0.0,0.0,0.0,131.9809,8.185,B,123737,False,False,False,False,15,4,2010
2010-04-16,15,79,9224.58,False,49.63,3.01,0.0,0.0,0.0,0.0,0.0,131.9809,8.185,B,123737,False,False,False,False,15,4,2010
2010-04-16,15,80,118.29,False,49.63,3.01,0.0,0.0,0.0,0.0,0.0,131.9809,8.185,B,123737,False,False,False,False,15,4,2010
2010-04-16,15,81,5724.66,False,49.63,3.01,0.0,0.0,0.0,0.0,0.0,131.9809,8.185,B,123737,False,False,False,False,15,4,2010
2010-04-16,15,82,8505.16,False,49.63,3.01,0.0,0.0,0.0,0.0,0.0,131.9809,8.185,B,123737,False,False,False,False,15,4,2010
2010-04-16,15,83,331.82,False,49.63,3.01,0.0,0.0,0.0,0.0,0.0,131.9809,8.185,B,123737,False,False,False,False,15,4,2010
2010-04-16,15,85,1977.19,False,49.63,3.01,0.0,0.0,0.0,0.0,0.0,131.9809,8.185,B,123737,False,False,False,False,15,4,2010
2010-04-16,15,87,8627.47,False,49.63,3.01,0.0,0.0,0.0,0.0,0.0,131.9809,8.185,B,123737,False,False,False,False,15,4,2010
2010-04-16,15,90,5325.33,False,49.63,3.01,0.0,0.0,0.0,0.0,0.0,131.9809,8.185,B,123737,False,False,False,False,15,4,2010
2010-04-16,15,91,3606.07,False,49.63,3.01,0.0,0.0,0.0,0.0,0.0,131.9809,8.185,B,123737,False,False,False,False,15,4,2010
2010-04-16,15,92,17708.47,False,49.63,3.01,0.0,0.0,0.0,0.0,0.0,131.9809,8.185,B,123737,False,False,False,False,15,4,2010
2010-04-16,15,93,603.92,False,49.63,3.01,0.0,0.0,0.0,0.0,0.0,131.9809,8.185,B,123737,False,False,False,False,15,4,2010
2010-04-16,15,94,4.25,False,49.63,3.01,0.0,0.0,0.0,0.0,0.0,131.9809,8.185,B,123737,False,False,False,False,15,4,2010
2010-04-16,15,95,29944.55,False,49.63,3.01,0.0,0.0,0.0,0.0,0.0,131.9809,8.185,B,123737,False,False,False,False,15,4,2010
2010-04-16,15,96,2168.26,False,49.63,3.01,0.0,0.0,0.0,0.0,0.0,131.9809,8.185,B,123737,False,False,False,False,15,4,2010
2010-04-16,15,97,1970.48,False,49.63,3.01,0.0,0.0,0.0,0.0,0.0,131.9809,8.185,B,123737,False,False,False,False,15,4,2010
2010-04-23,15,1,9580.4,False,46.54,3.021,0.0,0.0,0.0,0.0,0.0,132.0226667,8.185,B,123737,False,False,False,False,16,4,2010
2010-04-23,15,2,26601.08,False,46.54,3.021,0.0,0.0,0.0,0.0,0.0,132.0226667,8.185,B,123737,False,False,False,False,16,4,2010
2010-04-23,15,3,6820.81,False,46.54,3.021,0.0,0.0,0.0,0.0,0.0,132.0226667,8.185,B,123737,False,False,False,False,16,4,2010
2010-04-23,15,4,12225.88,False,46.54,3.021,0.0,0.0,0.0,0.0,0.0,132.0226667,8.185,B,123737,False,False,False,False,16,4,2010
2010-04-23,15,5,24569.47,False,46.54,3.021,0.0,0.0,0.0,0.0,0.0,132.0226667,8.185,B,123737,False,False,False,False,16,4,2010
2010-04-23,15,6,3829.48,False,46.54,3.021,0.0,0.0,0.0,0.0,0.0,132.0226667,8.185,B,123737,False,False,False,False,16,4,2010
2010-04-23,15,7,24951.77,False,46.54,3.021,0.0,0.0,0.0,0.0,0.0,132.0226667,8.185,B,123737,False,False,False,False,16,4,2010
2010-04-23,15,8,21339.49,False,46.54,3.021,0.0,0.0,0.0,0.0,0.0,132.0226667,8.185,B,123737,False,False,False,False,16,4,2010
2010-04-23,15,9,18403.74,False,46.54,3.021,0.0,0.0,0.0,0.0,0.0,132.0226667,8.185,B,123737,False,False,False,False,16,4,2010
2010-04-23,15,10,12401.0,False,46.54,3.021,0.0,0.0,0.0,0.0,0.0,132.0226667,8.185,B,123737,False,False,False,False,16,4,2010
2010-04-23,15,11,11415.84,False,46.54,3.021,0.0,0.0,0.0,0.0,0.0,132.0226667,8.185,B,123737,False,False,False,False,16,4,2010
2010-04-23,15,12,4571.9,False,46.54,3.021,0.0,0.0,0.0,0.0,0.0,132.0226667,8.185,B,123737,False,False,False,False,16,4,2010
2010-04-23,15,13,22460.61,False,46.54,3.021,0.0,0.0,0.0,0.0,0.0,132.0226667,8.185,B,123737,False,False,False,False,16,4,2010
2010-04-23,15,14,12563.35,False,46.54,3.021,0.0,0.0,0.0,0.0,0.0,132.0226667,8.185,B,123737,False,False,False,False,16,4,2010
2010-04-23,15,16,31966.9,False,46.54,3.021,0.0,0.0,0.0,0.0,0.0,132.0226667,8.185,B,123737,False,False,False,False,16,4,2010
2010-04-23,15,17,12550.26,False,46.54,3.021,0.0,0.0,0.0,0.0,0.0,132.0226667,8.185,B,123737,False,False,False,False,16,4,2010
2010-04-23,15,18,46.5,False,46.54,3.021,0.0,0.0,0.0,0.0,0.0,132.0226667,8.185,B,123737,False,False,False,False,16,4,2010
2010-04-23,15,19,1143.89,False,46.54,3.021,0.0,0.0,0.0,0.0,0.0,132.0226667,8.185,B,123737,False,False,False,False,16,4,2010
2010-04-23,15,20,4578.61,False,46.54,3.021,0.0,0.0,0.0,0.0,0.0,132.0226667,8.185,B,123737,False,False,False,False,16,4,2010
2010-04-23,15,21,3199.39,False,46.54,3.021,0.0,0.0,0.0,0.0,0.0,132.0226667,8.185,B,123737,False,False,False,False,16,4,2010
2010-04-23,15,22,8188.52,False,46.54,3.021,0.0,0.0,0.0,0.0,0.0,132.0226667,8.185,B,123737,False,False,False,False,16,4,2010
2010-04-23,15,23,18652.72,False,46.54,3.021,0.0,0.0,0.0,0.0,0.0,132.0226667,8.185,B,123737,False,False,False,False,16,4,2010
2010-04-23,15,24,3668.51,False,46.54,3.021,0.0,0.0,0.0,0.0,0.0,132.0226667,8.185,B,123737,False,False,False,False,16,4,2010
2010-04-23,15,25,10111.75,False,46.54,3.021,0.0,0.0,0.0,0.0,0.0,132.0226667,8.185,B,123737,False,False,False,False,16,4,2010
2010-04-23,15,26,5522.85,False,46.54,3.021,0.0,0.0,0.0,0.0,0.0,132.0226667,8.185,B,123737,False,False,False,False,16,4,2010
2010-04-23,15,27,1434.5,False,46.54,3.021,0.0,0.0,0.0,0.0,0.0,132.0226667,8.185,B,123737,False,False,False,False,16,4,2010
2010-04-23,15,28,916.77,False,46.54,3.021,0.0,0.0,0.0,0.0,0.0,132.0226667,8.185,B,123737,False,False,False,False,16,4,2010
2010-04-23,15,29,4382.0,False,46.54,3.021,0.0,0.0,0.0,0.0,0.0,132.0226667,8.185,B,123737,False,False,False,False,16,4,2010
2010-04-23,15,30,4290.79,False,46.54,3.021,0.0,0.0,0.0,0.0,0.0,132.0226667,8.185,B,123737,False,False,False,False,16,4,2010
2010-04-23,15,31,1941.96,False,46.54,3.021,0.0,0.0,0.0,0.0,0.0,132.0226667,8.185,B,123737,False,False,False,False,16,4,2010
2010-04-23,15,32,5021.9,False,46.54,3.021,0.0,0.0,0.0,0.0,0.0,132.0226667,8.185,B,123737,False,False,False,False,16,4,2010
2010-04-23,15,33,4055.5,False,46.54,3.021,0.0,0.0,0.0,0.0,0.0,132.0226667,8.185,B,123737,False,False,False,False,16,4,2010
2010-04-23,15,34,16137.5,False,46.54,3.021,0.0,0.0,0.0,0.0,0.0,132.0226667,8.185,B,123737,False,False,False,False,16,4,2010
2010-04-23,15,35,2395.0,False,46.54,3.021,0.0,0.0,0.0,0.0,0.0,132.0226667,8.185,B,123737,False,False,False,False,16,4,2010
2010-04-23,15,36,1000.0,False,46.54,3.021,0.0,0.0,0.0,0.0,0.0,132.0226667,8.185,B,123737,False,False,False,False,16,4,2010
2010-04-23,15,38,57891.71,False,46.54,3.021,0.0,0.0,0.0,0.0,0.0,132.0226667,8.185,B,123737,False,False,False,False,16,4,2010
2010-04-23,15,40,30994.19,False,46.54,3.021,0.0,0.0,0.0,0.0,0.0,132.0226667,8.185,B,123737,False,False,False,False,16,4,2010
2010-04-23,15,41,304.0,False,46.54,3.021,0.0,0.0,0.0,0.0,0.0,132.0226667,8.185,B,123737,False,False,False,False,16,4,2010
2010-04-23,15,42,3321.84,False,46.54,3.021,0.0,0.0,0.0,0.0,0.0,132.0226667,8.185,B,123737,False,False,False,False,16,4,2010
2010-04-23,15,44,3240.48,False,46.54,3.021,0.0,0.0,0.0,0.0,0.0,132.0226667,8.185,B,123737,False,False,False,False,16,4,2010
2010-04-23,15,46,12823.71,False,46.54,3.021,0.0,0.0,0.0,0.0,0.0,132.0226667,8.185,B,123737,False,False,False,False,16,4,2010
2010-04-23,15,49,9437.97,False,46.54,3.021,0.0,0.0,0.0,0.0,0.0,132.0226667,8.185,B,123737,False,False,False,False,16,4,2010
2010-04-23,15,50,2842.0,False,46.54,3.021,0.0,0.0,0.0,0.0,0.0,132.0226667,8.185,B,123737,False,False,False,False,16,4,2010
2010-04-23,15,51,22.84,False,46.54,3.021,0.0,0.0,0.0,0.0,0.0,132.0226667,8.185,B,123737,False,False,False,False,16,4,2010
2010-04-23,15,52,1881.58,False,46.54,3.021,0.0,0.0,0.0,0.0,0.0,132.0226667,8.185,B,123737,False,False,False,False,16,4,2010
2010-04-23,15,54,20.0,False,46.54,3.021,0.0,0.0,0.0,0.0,0.0,132.0226667,8.185,B,123737,False,False,False,False,16,4,2010
2010-04-23,15,55,7100.96,False,46.54,3.021,0.0,0.0,0.0,0.0,0.0,132.0226667,8.185,B,123737,False,False,False,False,16,4,2010
2010-04-23,15,56,7573.14,False,46.54,3.021,0.0,0.0,0.0,0.0,0.0,132.0226667,8.185,B,123737,False,False,False,False,16,4,2010
2010-04-23,15,59,325.67,False,46.54,3.021,0.0,0.0,0.0,0.0,0.0,132.0226667,8.185,B,123737,False,False,False,False,16,4,2010
2010-04-23,15,67,5516.49,False,46.54,3.021,0.0,0.0,0.0,0.0,0.0,132.0226667,8.185,B,123737,False,False,False,False,16,4,2010
2010-04-23,15,71,4768.58,False,46.54,3.021,0.0,0.0,0.0,0.0,0.0,132.0226667,8.185,B,123737,False,False,False,False,16,4,2010
2010-04-23,15,72,34412.46,False,46.54,3.021,0.0,0.0,0.0,0.0,0.0,132.0226667,8.185,B,123737,False,False,False,False,16,4,2010
2010-04-23,15,74,13303.55,False,46.54,3.021,0.0,0.0,0.0,0.0,0.0,132.0226667,8.185,B,123737,False,False,False,False,16,4,2010
2010-04-23,15,78,5.0,False,46.54,3.021,0.0,0.0,0.0,0.0,0.0,132.0226667,8.185,B,123737,False,False,False,False,16,4,2010
2010-04-23,15,79,8813.92,False,46.54,3.021,0.0,0.0,0.0,0.0,0.0,132.0226667,8.185,B,123737,False,False,False,False,16,4,2010
2010-04-23,15,80,112.9,False,46.54,3.021,0.0,0.0,0.0,0.0,0.0,132.0226667,8.185,B,123737,False,False,False,False,16,4,2010
2010-04-23,15,81,5817.43,False,46.54,3.021,0.0,0.0,0.0,0.0,0.0,132.0226667,8.185,B,123737,False,False,False,False,16,4,2010
2010-04-23,15,82,8136.41,False,46.54,3.021,0.0,0.0,0.0,0.0,0.0,132.0226667,8.185,B,123737,False,False,False,False,16,4,2010
2010-04-23,15,83,488.96,False,46.54,3.021,0.0,0.0,0.0,0.0,0.0,132.0226667,8.185,B,123737,False,False,False,False,16,4,2010
2010-04-23,15,85,2989.9,False,46.54,3.021,0.0,0.0,0.0,0.0,0.0,132.0226667,8.185,B,123737,False,False,False,False,16,4,2010
2010-04-23,15,87,7502.94,False,46.54,3.021,0.0,0.0,0.0,0.0,0.0,132.0226667,8.185,B,123737,False,False,False,False,16,4,2010
2010-04-23,15,90,5050.82,False,46.54,3.021,0.0,0.0,0.0,0.0,0.0,132.0226667,8.185,B,123737,False,False,False,False,16,4,2010
2010-04-23,15,91,3432.93,False,46.54,3.021,0.0,0.0,0.0,0.0,0.0,132.0226667,8.185,B,123737,False,False,False,False,16,4,2010
2010-04-23,15,92,17078.68,False,46.54,3.021,0.0,0.0,0.0,0.0,0.0,132.0226667,8.185,B,123737,False,False,False,False,16,4,2010
2010-04-23,15,93,608.62,False,46.54,3.021,0.0,0.0,0.0,0.0,0.0,132.0226667,8.185,B,123737,False,False,False,False,16,4,2010
2010-04-23,15,94,1.98,False,46.54,3.021,0.0,0.0,0.0,0.0,0.0,132.0226667,8.185,B,123737,False,False,False,False,16,4,2010
