Date,Store,Dept,Weekly_Sales,IsHoliday,Temperature,Fuel_Price,MarkDown1,MarkDown2,MarkDown3,MarkDown4,MarkDown5,CPI,Unemployment,Type,Size,Super_Bowl,Labor_Day,Thanksgiving,Christmas,week,month,year
2010-02-05,15,1,12239.38,False,19.83,2.954,0.0,0.0,0.0,0.0,0.0,131.5279032,8.35,B,123737,False,False,False,False,5,2,2010
2010-02-05,15,2,27179.85,False,19.83,2.954,0.0,0.0,0.0,0.0,0.0,131.5279032,8.35,B,123737,False,False,False,False,5,2,2010
2010-02-05,15,3,9494.42,False,19.83,2.954,0.0,0.0,0.0,0.0,0.0,131.5279032,8.35,B,123737,False,False,False,False,5,2,2010
2010-02-05,15,4,11694.61,False,19.83,2.954,0.0,0.0,0.0,0.0,0.0,131.5279032,8.35,B,123737,False,False,False,False,5,2,2010
2010-02-05,15,5,18851.63,False,19.83,2.954,0.0,0.0,0.0,0.0,0.0,131.5279032,8.35,B,123737,False,False,False,False,5,2,2010
2010-02-05,15,6,4966.12,False,19.83,2.954,0.0,0.0,0.0,0.0,0.0,131.5279032,8.35,B,123737,False,False,False,False,5,2,2010
2010-02-05,15,7,16505.87,False,19.83,2.954,0.0,0.0,0.0,0.0,0.0,131.5279032,8.35,B,123737,False,False,False,False,5,2,2010
2010-02-05,15,8,23180.02,False,19.83,2.954,0.0,0.0,0.0,0.0,0.0,131.5279032,8.35,B,123737,False,False,False,False,5,2,2010
2010-02-05,15,9,8757.41,False,19.83,2.954,0.0,0.0,0.0,0.0,0.0,131.5279032,8.35,B,123737,False,False,False,False,5,2,2010
2010-02-12,15,1,23252.04,True,22.0,2.94,0.0,0.0,0.0,0.0,0.0,131.5866129,8.35,B,123737,True,False,False,False,6,2,2010
2010-02-12,15,2,26463.0,True,22.0,2.94,0.0,0.0,0.0,0.0,0.0,131.5866129,8.35,B,123737,True,False,False,False,6,2,2010
2010-02-12,15,3,8123.23,True,22.0,2.94,0.0,0.0,0.0,0.0,0.0,131.5866129,8.35,B,123737,True,False,False,False,6,2,2010
2010-02-12,15,4,11681.97,True,22.0,2.94,0.0,0.0,0.0,0.0,0.0,131.5866129,8.35,B,123737,True,False,False,False,6,2,2010
2010-02-12,15,5,20604.5,True,22.0,2.94,0.0,0.0,0.0,0.0,0.0,131.5866129,8.35,B,123737,True,False,False,False,6,2,2010
2010-02-12,15,6,4309.34,True,22.0,2.94,0.0,0.0,0.0,0.0,0.0,131.5866129,8.35,B,123737,True,False,False,False,6,2,2010
2010-02-12,15,7,16078.79,True,22.0,2.94,0.0,0.0,0.0,0.0,0.0,131.5866129,8.35,B,123737,True,False,False,False,6,2,2010
2010-02-12,15,8,20920.04,True,22.0,2.94,0.0,0.0,0.0,0.0,0.0,131.5866129,8.35,B,123737,True,False,False,False,6,2,2010
2010-02-12,15,9,9295.52,True,22.0,2.94,0.0,0.0,0.0,0.0,0.0,131.5866129,8.35,B,123737,True,False,False,False,6,2,2010
2010-02-19,15,1,17391.31,False,27.54,2.909,0.0,0.0,0.0,0.0,0.0,131.637,8.35,B,123737,False,False,False,False,7,2,2010
2010-02-19,15,2,26533.03,False,27.54,2.909,0.0,0.0,0.0,0.0,0.0,131.637,8.35,B,123737,False,False,False,False,7,2,2010
2010-02-19,15,3,7991.87,False,27.54,2.909,0.0,0.0,0.0,0.0,0.0,131.637,8.35,B,123737,False,False,False,False,7,2,2010
2010-02-19,15,4,11590.1,False,27.54,2.909,0.0,0.0,0.0,0.0,0.0,131.637,8.35,B,123737,False,False,False,False,7,2,2010
2010-02-19,15,5,21255.71,False,27.54,2.909,0.0,0.0,0.0,0.0,0.0,131.637,8.35,B,123737,False,False,False,False,7,2,2010
2010-02-19,15,6,6472.44,False,27.54,2.909,0.0,0.0,0.0,0.0,0.0,131.637,8.35,B,123737,False,False,False,False,7,2,2010
2010-02-19,15,7,18624.11,False,27.54,2.909,0.0,0.0,0.0,0.0,0.0,131.637,8.35,B,123737,False,False,False,False,7,2,2010
2010-02-19,15,8,21566.48,False,27.54,2.909,0.0,0.0,0.0,0.0,0.0,131.637,8.35,B,123737,False,False,False,False,7,2,2010
2010-02-19,15,9,10889.09,False,27.54,2.909,0.0,0.0,0.0,0.0,0.0,131.637,8.35,B,123737,False,False,False,False,7,2,2010
2010-02-26,15,1,9236.15,False,29.87,2.91,0.0,0.0,0.0,0.0,0.0,131.686,8.35,B,123737,False,False,False,False,8,2,2010
2010-02-26,15,2,23617.57,False,29.87,2.91,0.0,0.0,0.0,0.0,0.0,131.686,8.35,B,123737,False,False,False,False,8,2,2010
2010-02-26,15,3,7250.8,False,29.87,2.91,0.0,0.0,0.0,0.0,0.0,131.686,8.35,B,123737,False,False,False,False,8,2,2010
2010-02-26,15,4,10720.36,False,29.87,2.91,0.0,0.0,0.0,0.0,0.0,131.686,8.35,B,123737,False,False,False,False,8,2,2010
2010-02-26,15,5,14561.29,False,29.87,2.91,0.0,0.0,0.0,0.0,0.0,131.686,8.35,B,123737,False,False,False,False,8,2,2010
2010-02-26,15,6,4009.95,False,29.87,2.91,0.0,0.0,0.0,0.0,0.0,131.686,8.35,B,123737,False,False,False,False,8,2,2010
2010-02-26,15,7,14206.25,False,29.87,2.91,0.0,0.0,0.0,0.0,0.0,131.686,8.35,B,123737,False,False,False,False,8,2,2010
2010-02-26,15,8,19743.83,False,29.87,2.91,0.0,0.0,0.0,0.0,0.0,131.686,8.35,B,123737,False,False,False,False,8,2,2010
2010-02-26,15,9,8456.52,False,29.87,2.91,0.0,0.0,0.0,0.0,0.0,131.686,8.35,B,123737,False,False,False,False,8,2,2010
2010-03-05,15,1,10900.64,False,31.79,2.919,0.0,0.0,0.0,0.0,0.0,131.735,8.35,B,123737,False,False,False,False,9,3,2010
2010-03-05,15,2,25889.18,False,31.79,2.919,0.0,0.0,0.0,0.0,0.0,131.735,8.35,B,123737,False,False,False,False,9,3,2010
2010-03-05,15,3,7559.99,False,31.79,2.919,0.0,0.0,0.0,0.0,0.0,131.735,8.35,B,123737,False,False,False,False,9,3,2010
2010-03-05,15,4,11458.56,False,31.79,2.919,0.0,0.0,0.0,0.0,0.0,131.735,8.35,B,123737,False,False,False,False,9,3,2010
2010-03-05,15,5,18039.68,False,31.79,2.919,0.0,0.0,0.0,0.0,0.0,131.735,8.35,B,123737,False,False,False,False,9,3,2010
2010-03-05,15,6,4896.12,False,31.79,2.919,0.0,0.0,0.0,0.0,0.0,131.735,8.35,B,123737,False,False,False,False,9,3,2010
2010-03-05,15,7,16879.46,False,31.79,2.919,0.0,0.0,0.0,0.0,0.0,131.735,8.35,B,123737,False,False,False,False,9,3,2010
2010-03-05,15,8,21291.98,False,31.79,2.919,0.0,0.0,0.0,0.0,0.0,131.735,8.35,B,123737,False,False,False,False,9,3,2010
2010-03-05,15,9,9398.34,False,31.79,2.919,0.0,0.0,0.0,0.0,0.0,131.735,8.35,B,123737,False,False,False,False,9,3,2010
2010-03-12,15,1,11113.97,False,41.39,2.938,0.0,0.0,0.0,0.0,0.0,131.784,8.35,B,123737,False,False,False,False,10,3,2010
2010-03-12,15,2,27469.84,False,41.39,2.938,0.0,0.0,0.0,0.0,0.0,131.784,8.35,B,123737,False,False,False,False,10,3,2010
2010-03-12,15,3,8030.35,False,41.39,2.938,0.0,0.0,0.0,0.0,0.0,131.784,8.35,B,123737,False,False,False,False,10,3,2010
2010-03-12,15,4,11433.11,False,41.39,2.938,0.0,0.0,0.0,0.0,0.0,131.784,8.35,B,123737,False,False,False,False,10,3,2010
2010-03-12,15,5,18621.74,False,41.39,2.938,0.0,0.0,0.0,0.0,0.0,131.784,8.35,B,123737,False,False,False,False,10,3,2010
2010-03-12,15,6,4893.52,False,41.39,2.938,0.0,0.0,0.0,0.0,0.0,131.784,8.35,B,123737,False,False,False,False,10,3,2010
2010-03-12,15,7,16921.31,False,41.39,2.938,0.0,0.0,0.0,0.0,0.0,131.784,8.35,B,123737,False,False,False,False,10,3,2010
2010-03-12,15,8,21103.74,False,41.39,2.938,0.0,0.0,0.0,0.0,0.0,131.784,8.35,B,123737,False,False,False,False,10,3,2010
2010-03-12,15,9,10065.24,False,41.39,2.938,0.0,0.0,0.0,0.0,0.0,131.784,8.35,B,123737,False,False,False,False,10,3,2010
2010-03-19,15,1,11997.09,False,44.69,2.96,0.0,0.0,0.0,0.0,0.0,131.8242903,8.35,B,123737,False,False,False,False,11,3,2010
2010-03-19,15,2,23325.07,False,44.69,2.96,0.0,0.0,0.0,0.0,0.0,131.8242903,8.35,B,123737,False,False,False,False,11,3,2010
2010-03-19,15,3,7464.44,False,44.69,2.96,0.0,0.0,0.0,0.0,0.0,131.8242903,8.35,B,123737,False,False,False,False,11,3,2010
2010-03-19,15,4,11766.82,False,44.69,2.96,0.0,0.0,0.0,0.0,0.0,131.8242903,8.35,B,123737,False,False,False,False,11,3,2010
2010-03-19,15,5,18095.98,False,44.69,2.96,0.0,0.0,0.0,0.0,0.0,131.8242903,8.35,B,123737,False,False,False,False,11,3,2010
2010-03-19,15,6,5833.84,False,44.69,2.96,0.0,0.0,0.0,0.0,0.0,131.8242903,8.35,B,123737,False,False,False,False,11,3,2010
2010-03-19,15,7,19776.6,False,44.69,2.96,0.0,0.0,0.0,0.0,0.0,131.8242903,8.35,B,123737,False,False,False,False,11,3,2010
2010-03-19,15,8,21491.67,False,44.69,2.96,0.0,0.0,0.0,0.0,0.0,131.8242903,8.35,B,123737,False,False,False,False,11,3,2010
2010-03-19,15,9,11851.0,False,44.69,2.96,0.0,0.0,0.0,0.0,0.0,131.8242903,8.35,B,123737,False,False,False,False,11,3,2010
2010-03-26,15,1,17250.52,False,39.53,2.963,0.0,0.0,0.0,0.0,0.0,131.863129,8.35,B,123737,False,False,False,False,12,3,2010
2010-03-26,15,2,24164.01,False,39.53,2.963,0.0,0.0,0.0,0.0,0.0,131.863129,8.35,B,123737,False,False,False,False,12,3,2010
2010-03-26,15,3,7359.91,False,39.53,2.963,0.0,0.0,0.0,0.0,0.0,131.863129,8.35,B,123737,False,False,False,False,12,3,2010
2010-03-26,15,4,12011.49,False,39.53,2.963,0.0,0.0,0.0,0.0,0.0,131.863129,8.35,B,123737,False,False,False,False,12,3,2010
2010-03-26,15,5,28650.25,False,39.53,2.963,0.0,0.0,0.0,0.0,0.0,131.863129,8.35,B,123737,False,False,False,False,12,3,2010
2010-03-26,15,6,4563.17,False,39.53,2.963,0.0,0.0,0.0,0.0,0.0,131.863129,8.35,B,123737,False,False,False,False,12,3,2010
2010-03-26,15,7,21412.63,False,39.53,2.963,0.0,0.0,0.0,0.0,0.0,131.863129,8.35,B,123737,False,False,False,False,12,3,2010
2010-03-26,15,8,20075.86,False,39.53,2.963,0.0,0.0,0.0,0.0,0.0,131.863129,8.35,B,123737,False,False,False,False,12,3,2010
2010-03-26,15,9,13006.68,False,39.53,2.963,0.0,0.0,0.0,0.0,0.0,131.863129,8.35,B,123737,False,False,False,False,12,3,2010
2010-04-02,15,1,49610.9,False,45.27,2.957,0.0,0.0,0.0,0.0,0.0,131.9019677,8.185,B,123737,False,False,False,False,13,4,2010
2010-04-02,15,2,27388.59,False,45.27,2.957,0.0,0.0,0.0,0.0,0.0,131.9019677,8.185,B,123737,False,False,False,False,13,4,2010
2010-04-02,15,3,7627.53,False,45.27,2.957,0.0,0.0,0.0,0.0,0.0,131.9019677,8.185,B,123737,False,False,False,False,13,4,2010
2010-04-02,15,4,12893.52,False,45.27,2.957,0.0,0.0,0.0,0.0,0.0,131.9019677,8.185,B,123737,False,False,False,False,13,4,2010
2010-04-02,15,5,27421.18,False,45.27,2.957,0.0,0.0,0.0,0.0,0.0,131.9019677,8.185,B,123737,False,False,False,False,13,4,2010
2010-04-02,15,6,4827.49,False,45.27,2.957,0.0,0.0,0.0,0.0,0.0,131.9019677,8.185,B,123737,False,False,False,False,13,4,2010
2010-04-02,15,7,33498.87,False,45.27,2.957,0.0,0.0,0.0,0.0,0.0,131.9019677,8.185,B,123737,False,False,False,False,13,4,2010
2010-04-02,15,8,19906.72,False,45.27,2.957,0.0,0.0,0.0,0.0,0.0,131.9019677,8.185,B,123737,False,False,False,False,13,4,2010
2010-04-02,15,9,20816.05,False,45.27,2.957,0.0,0.0,0.0,0.0,0.0,131.9019677,8.185,B,123737,False,False,False,False,13,4,2010
2010-04-09,15,1,31548.24,False,57.77,2.992,0.0,0.0,0.0,0.0,0.0,131.9408065,8.185,B,123737,False,False,False,False,14,4,2010
2010-04-09,15,2,27313.37,False,57.77,2.992,0.0,0.0,0.0,0.0,0.0,131.9408065,8.185,B,123737,False,False,False,False,14,4,2010
2010-04-09,15,3,6586.63,False,57.77,2.992,0.0,0.0,0.0,0.0,0.0,131.9408065,8.185,B,123737,False,False,False,False,14,4,2010
2010-04-09,15,4,11110.34,False,57.77,2.992,0.0,0.0,0.0,0.0,0.0,131.9408065,8.185,B,123737,False,False,False,False,14,4,2010
2010-04-09,15,5,15478.12,False,57.77,2.992,0.0,0.0,0.0,0.0,0.0,131.9408065,8.185,B,123737,False,False,False,False,14,4,2010
2010-04-09,15,6,3600.37,False,57.77,2.992,0.0,0.0,0.0,0.0,0.0,131.9408065,8.185,B,123737,False,False,False,False,14,4,2010
2010-04-09,15,7,25164.92,False,57.77,2.992,0.0,0.0,0.0,0.0,0.0,131.9408065,8.185,B,123737,False,False,False,False,14,4,2010
2010-04-09,15,8,19489.91,False,57.77,2.992,0.0,0.0,0.0,0.0,0.0,131.9408065,8.185,B,123737,False,False,False,False,14,4,2010
2010-04-09,15,9,15140.05,False,57.77,2.992,0.0,0.0,0.0,0.0,0.0,131.9408065,8.185,B,123737,False,False,False,False,14,4,2010
2010-04-16,15,1,9646.55,False,49.63,3.01,0.0,0.0,0.0,0.0,0.0,131.9809,8.185,B,123737,False,False,False,False,15,4,2010
2010-04-16,15,2,29601.69,False,49.63,3.01,0.0,0.0,0.0,0.0,0.0,131.9809,8.185,B,123737,False,False,False,False,15,4,2010
2010-04-16,15,3,7750.92,False,49.63,3.01,0.0,0.0,0.0,0.0,0.0,131.9809,8.185,B,123737,False,False,False,False,15,4,2010
2010-04-16,15,4,12966.01,False,49.63,3.01,0.0,0.0,0.0,0.0,0.0,131.9809,8.185,B,123737,False,False,False,False,15,4,2010
2010-04-16,15,5,14682.23,False,49.63,3.01,0.0,0.0,0.0,0.0,0.0,131.9809,8.185,B,123737,False,False,False,False,15,4,2010
2010-04-16,15,6,4738.13,False,49.63,3.01,0.0,0.0,0.0,0.0,0.0,131.9809,8.185,B,123737,False,False,False,False,15,4,2010
2010-04-16,15,7,22788.96,False,49.63,3.01,0.0,0.0,0.0,0.0,0.0,131.9809,8.185,B,123737,False,False,False,False,15,4,2010
2010-04-16,15,8,20502.9,False,49.63,3.01,0.0,0.0,0.0,0.0,0.0,131.9809,8.185,B,123737,False,False,False,False,15,4,2010
2010-04-16,15,9,18672.0,False,49.63,3.01,0.0,0.0,0.0,0.0,0.0,131.9809,8.185,B,123737,False,False,False,False,15,4,2010
2010-04-23,15,1,9580.4,False,46.54,3.021,0.0,0.0,0.0,0.0,0.0,132.0226667,8.185,B,123737,False,False,False,False,16,4,2010
2010-04-23,15,2,26601.08,False,46.54,3.021,0.0,0.0,0.0,0.0,0.0,132.0226667,8.185,B,123737,False,False,False,False,16,4,2010
2010-04-23,15,3,6820.81,False,46.54,3.021,0.0,0.0,0.0,0.0,0.0,132.0226667,8.185,B,123737,False,False,False,False,16,4,2010
2010-04-23,15,4,12225.88,False,46.54,3.021,0.0,0.0,0.0,0.0,0.0,132.0226667,8.185,B,123737,False,False,False,False,16,4,2010
2010-04-23,15,5,24569.47,False,46.54,3.021,0.0,0.0,0.0,0.0,0.0,132.0226667,8.185,B,123737,False,False,False,False,16,4,2010
2010-04-23,15,6,3829.48,False,46.54,3.021,0.0,0.0,0.0,0.0,0.0,132.0226667,8.185,B,123737,False,False,False,False,16,4,2010
2010-04-23,15,7,24951.77,False,46.54,3.021,0.0,0.0,0.0,0.0,0.0,132.0226667,8.185,B,123737,False,False,False,False,16,4,2010
2010-04-23,15,8,21339.49,False,46.54,3.021,0.0,0.0,0.0,0.0,0.0,132.0226667,8.185,B,123737,False,False,False,False,16,4,2010
2010-04-23,15,9,18403.74,False,46.54,3.021,0.0,0.0,0.0,0.0,0.0,132.0226667,8.185,B,123737,False,False,False,False,16,4,2010
2010-04-30,15,1,9568.83,False,49.09,3.042,0.0,0.0,0.0,0.0,0.0,132.0644333,8.185,B,123737,False,False,False,False,17,4,2010
2010-04-30,15,2,24079.69,False,49.09,3.042,0.0,0.0,0.0,0.0,0.0,132.0644333,8.185,B,123737,False,False,False,False,17,4,2010
2010-04-30,15,3,5950.12,False,49.09,3.042,0.0,0.0,0.0,0.0,0.0,132.0644333,8.185,B,123737,False,False,False,False,17,4,2010
2010-04-30,15,4,11547.6,False,49.09,3.042,0.0,0.0,0.0,0.0,0.0,132.0644333,8.185,B,123737,False,False,False,False,17,4,2010
2010-04-30,15,5,17386.49,False,49.09,3.042,0.0,0.0,0.0,0.0,0.0,132.0644333,8.185,B,123737,False,False,False,False,17,4,2010
2010-04-30,15,6,3630.09,False,49.09,3.042,0.0,0.0,0.0,0.0,0.0,132.0644333,8.185,B,123737,False,False,False,False,17,4,2010
2010-04-30,15,7,19851.7,False,49.09,3.042,0.0,0.0,0.0,0.0,0.0,132.0644333,8.185,B,123737,False,False,False,False,17,4,2010
2010-04-30,15,8,18247.74,False,49.09,3.042,0.0,0.0,0.0,0.0,0.0,132.0644333,8.185,B,123737,False,False,False,False,17,4,2010
2010-04-30,15,9,13236.69,False,49.09,3.042,0.0,0.0,0.0,0.0,0.0,132.0644333,8.185,B,123737,False,False,False,False,17,4,2010
2010-05-07,15,1,9277.55,False,63.16,3.095,0.0,0.0,0.0,0.0,0.0,132.1062,8.185,B,123737,False,False,False,False,18,5,2010
2010-05-07,15,2,27408.03,False,63.16,3.095,0.0,0.0,0.0,0.0,0.0,132.1062,8.185,B,123737,False,False,False,False,18,5,2010
2010-05-07,15,3,6714.41,False,63.16,3.095,0.0,0.0,0.0,0.0,0.0,132.1062,8.185,B,123737,False,False,False,False,18,5,2010
2010-05-07,15,4,12660.18,False,63.16,3.095,0.0,0.0,0.0,0.0,0.0,132.1062,8.185,B,123737,False,False,False,False,18,5,2010
2010-05-07,15,5,13113.16,False,63.16,3.095,0.0,0.0,0.0,0.0,0.0,132.1062,8.185,B,123737,False,False,False,False,18,5,2010
2010-05-07,15,6,6639.75,False,63.16,3.095,0.0,0.0,0.0,0.0,0.0,132.1062,8.185,B,123737,False,False,False,False,18,5,2010
2010-05-07,15,7,22909.42,False,63.16,3.095,0.0,0.0,0.0,0.0,0.0,132.1062,8.185,B,123737,False,False,False,False,18,5,2010
2010-05-07,15,8,20418.05,False,63.16,3.095,0.0,0.0,0.0,0.0,0.0,132.1062,8.185,B,123737,False,False,False,False,18,5,2010
2010-05-07,15,9,15886.22,False,63.16,3.095,0.0,0.0,0.0,0.0,0.0,132.1062,8.185,B,123737,False,False,False,False,18,5,2010
2010-05-14,15,1,8964.24,False,47.13,3.112,0.0,0.0,0.0,0.0,0.0,132.152129,8.185,B,123737,False,False,False,False,19,5,2010
2010-05-14,15,2,25082.39,False,47.13,3.112,0.0,0.0,0.0,0.0,0.0,132.152129,8.185,B,123737,False,False,False,False,19,5,2010
2010-05-14,15,3,7248.2,False,47.13,3.112,0.0,0.0,0.0,0.0,0.0,132.152129,8.185,B,123737,False,False,False,False,19,5,2010
2010-05-14,15,4,11730.4,False,47.13,3.112,0.0,0.0,0.0,0.0,0.0,132.152129,8.185,B,123737,False,False,False,False,19,5,2010
2010-05-14,15,5,14065.97,False,47.13,3.112,0.0,0.0,0.0,0.0,0.0,132.152129,8.185,B,123737,False,False,False,False,19,5,2010
2010-05-14,15,6,6749.54,False,47.13,3.112,0.0,0.0,0.0,0.0,0.0,132.152129,8.185,B,123737,False,False,False,False,19,5,2010
2010-05-14,15,7,16542.75,False,47.13,3.112,0.0,0.0,0.0,0.0,0.0,132.152129,8.185,B,123737,False,False,False,False,19,5,2010
2010-05-14,15,8,19620.51,False,47.13,3.112,0.0,0.0,0.0,0.0,0.0,132.152129,8.185,B,123737,False,False,False,False,19,5,2010
2010-05-14,15,9,13098.95,False,47.13,3.112,0.0,0.0,0.0,0.0,0.0,132.152129,8.185,B,123737,False,False,False,False,19,5,2010
2010-05-21,15,1,8393.04,False,59.09,3.096,0.0,0.0,0.0,0.0,0.0,132.2230323,8.185,B,123737,False,False,False,False,20,5,2010
2010-05-21,15,2,26086.19,False,59.09,3.096,0.0,0.0,0.0,0.0,0.0,132.2230323,8.185,B,123737,False,False,False,False,20,5,2010
2010-05-21,15,3,6958.83,False,59.09,3.096,0.0,0.0,0.0,0.0,0.0,132.2230323,8.185,B,123737,False,False,False,False,20,5,2010
2010-05-21,15,4,13439.21,False,59.09,3.096,0.0,0.0,0.0,0.0,0.0,132.2230323,8.185,B,123737,False,False,False,False,20,5,2010
2010-05-21,15,5,10474.79,False,59.09,3.096,0.0,0.0,0.0,0.0,0.0,132.2230323,8.185,B,123737,False,False,False,False,20,5,2010
2010-05-21,15,6,5084.63,False,59.09,3.096,0.0,0.0,0.0,0.0,0.0,132.2230323,8.185,B,123737,False,False,False,False,20,5,2010
2010-05-21,15,7,22358.31,False,59.09,3.096,0.0,0.0,0.0,0.0,0.0,132.2230323,8.185,B,123737,False,False,False,False,20,5,2010
2010-05-21,15,8,20293.62,False,59.09,3.096,0.0,0.0,0.0,0.0,0.0,132.2230323,8.185,B,123737,False,False,False,False,20,5,2010
2010-05-21,15,9,16797.28,False,59.09,3.096,0.0,0.0,0.0,0.0,0.0,132.2230323,8.185,B,123737,False,False,False,False,20,5,2010
2010-05-28,15,1,8934.23,False,70.61,3.046,0.0,0.0,0.0,0.0,0.0,132.2939355,8.185,B,123737,False,False,False,False,21,5,2010
2010-05-28,15,2,29496.95,False,70.61,3.046,0.0,0.0,0.0,0.0,0.0,132.2939355,8.185,B,123737,False,False,False,False,21,5,2010
2010-05-28,15,3,6414.0,False,70.61,3.046,0.0,0.0,0.0,0.0,0.0,132.2939355,8.185,B,123737,False,False,False,False,21,5,2010
2010-05-28,15,4,15094.6,False,70.61,3.046,0.0,0.0,0.0,0.0,0.0,132.2939355,8.185,B,123737,False,False,False,False,21,5,2010
2010-05-28,15,5,8533.2,False,70.61,3.046,0.0,0.0,0.0,0.0,0.0,132.2939355,8.185,B,123737,False,False,False,False,21,5,2010
2010-05-28,15,6,4067.23,False,70.61,3.046,0.0,0.0,0.0,0.0,0.0,132.2939355,8.185,B,123737,False,False,False,False,21,5,2010
2010-05-28,15,7,32014.17,False,70.61,3.046,0.0,0.0,0.0,0.0,0.0,132.2939355,8.185,B,123737,False,False,False,False,21,5,2010
2010-05-28,15,8,20447.48,False,70.61,3.046,0.0,0.0,0.0,0.0,0.0,132.2939355,8.185,B,123737,False,False,False,False,21,5,2010
2010-05-28,15,9,26177.35,False,70.61,3.046,0.0,0.0,0.0,0.0,0.0,132.2939355,8.185,B,123737,False,False,False,False,21,5,2010
2010-06-04,15,1,8653.83,False,69.99,3.006,0.0,0.0,0.0,0.0,0.0,132.3648387,8.185,B,123737,False,False,False,False,22,6,2010
2010-06-04,15,2,26833.38,False,69.99,3.006,0.0,0.0,0.0,0.0,0.0,132.3648387,8.185,B,123737,False,False,False,False,22,6,2010
2010-06-04,15,3,6546.09,False,69.99,3.006,0.0,0.0,0.0,0.0,0.0,132.3648387,8.185,B,123737,False,False,False,False,22,6,2010
2010-06-04,15,4,14519.12,False,69.99,3.006,0.0,0.0,0.0,0.0,0.0,132.3648387,8.185,B,123737,False,False,False,False,22,6,2010
2010-06-04,15,5,14676.82,False,69.99,3.006,0.0,0.0,0.0,0.0,0.0,132.3648387,8.185,B,123737,False,False,False,False,22,6,2010
2010-06-04,15,6,4688.59,False,69.99,3.006,0.0,0.0,0.0,0.0,0.0,132.3648387,8.185,B,123737,False,False,False,False,22,6,2010
2010-06-04,15,7,29234.67,False,69.99,3.006,0.0,0.0,0.0,0.0,0.0,132.3648387,8.185,B,123737,False,False,False,False,22,6,2010
2010-06-04,15,8,19036.18,False,69.99,3.006,0.0,0.0,0.0,0.0,0.0,132.3648387,8.185,B,123737,False,False,False,False,22,6,2010
2010-06-04,15,9,24274.47,False,69.99,3.006,0.0,0.0,0.0,0.0,0.0,132.3648387,8.185,B,123737,False,False,False,False,22,6,2010
2010-06-11,15,1,9521.25,False,61.04,2.972,0.0,0.0,0.0,0.0,0.0,132.4357419,8.185,B,123737,False,False,False,False,23,6,2010
2010-06-11,15,2,27810.32,False,61.04,2.972,0.0,0.0,0.0,0.0,0.0,132.4357419,8.185,B,123737,False,False,False,False,23,6,2010
2010-06-11,15,3,6861.34,False,61.04,2.972,0.0,0.0,0.0,0.0,0.0,132.4357419,8.185,B,123737,False,False,False,False,23,6,2010
2010-06-11,15,4,14204.28,False,61.04,2.972,0.0,0.0,0.0,0.0,0.0,132.4357419,8.185,B,123737,False,False,False,False,23,6,2010
2010-06-11,15,5,12885.69,False,61.04,2.972,0.0,0.0,0.0,0.0,0.0,132.4357419,8.185,B,123737,False,False,False,False,23,6,2010
2010-06-11,15,6,4832.74,False,61.04,2.972,0.0,0.0,0.0,0.0,0.0,132.4357419,8.185,B,123737,False,False,False,False,23,6,2010
2010-06-11,15,7,21460.96,False,61.04,2.972,0.0,0.0,0.0,0.0,0.0,132.4357419,8.185,B,123737,False,False,False,False,23,6,2010
2010-06-11,15,8,22251.23,False,61.04,2.972,0.0,0.0,0.0,0.0,0.0,132.4357419,8.185,B,123737,False,False,False,False,23,6,2010
2010-06-11,15,9,18066.96,False,61.04,2.972,0.0,0.0,0.0,0.0,0.0,132.4357419,8.185,B,123737,False,False,False,False,23,6,2010
2010-06-18,15,1,9615.02,False,65.83,2.942,0.0,0.0,0.0,0.0,0.0,132.4733333,8.185,B,123737,False,False,False,False,24,6,2010
2010-06-18,15,2,28860.54,False,65.83,2.942,0.0,0.0,0.0,0.0,0.0,132.4733333,8.185,B,123737,False,False,False,False,24,6,2010
2010-06-18,15,3,6692.73,False,65.83,2.942,0.0,0.0,0.0,0.0,0.0,132.4733333,8.185,B,123737,False,False,False,False,24,6,2010
2010-06-18,15,4,14263.62,False,65.83,2.942,0.0,0.0,0.0,0.0,0.0,132.4733333,8.185,B,123737,False,False,False,False,24,6,2010
2010-06-18,15,5,12027.35,False,65.83,2.942,0.0,0.0,0.0,0.0,0.0,132.4733333,8.185,B,123737,False,False,False,False,24,6,2010
2010-06-18,15,6,6747.51,False,65.83,2.942,0.0,0.0,0.0,0.0,0.0,132.4733333,8.185,B,123737,False,False,False,False,24,6,2010
2010-06-18,15,7,21232.5,False,65.83,2.942,0.0,0.0,0.0,0.0,0.0,132.4733333,8.185,B,123737,False,False,False,False,24,6,2010
2010-06-18,15,8,19748.17,False,65.83,2.942,0.0,0.0,0.0,0.0,0.0,132.4733333,8.185,B,123737,False,False,False,False,24,6,2010
2010-06-18,15,9,22412.44,False,65.83,2.942,0.0,0.0,0.0,0.0,0.0,132.4733333,8.185,B,123737,False,False,False,False,24,6,2010
2010-06-25,15,1,10205.47,False,72.79,2.958,0.0,0.0,0.0,0.0,0.0,132.4976,8.185,B,123737,False,False,False,False,25,6,2010
2010-06-25,15,2,29293.23,False,72.79,2.958,0.0,0.0,0.0,0.0,0.0,132.4976,8.185,B,123737,False,False,False,False,25,6,2010
2010-06-25,15,3,6376.68,False,72.79,2.958,0.0,0.0,0.0,0.0,0.0,132.4976,8.185,B,123737,False,False,False,False,25,6,2010
2010-06-25,15,4,14411.83,False,72.79,2.958,0.0,0.0,0.0,0.0,0.0,132.4976,8.185,B,123737,False,False,False,False,25,6,2010
2010-06-25,15,5,14661.01,False,72.79,2.958,0.0,0.0,0.0,0.0,0.0,132.4976,8.185,B,123737,False,False,False,False,25,6,2010
2010-06-25,15,6,4086.18,False,72.79,2.958,0.0,0.0,0.0,0.0,0.0,132.4976,8.185,B,123737,False,False,False,False,25,6,2010
2010-06-25,15,7,24788.91,False,72.79,2.958,0.0,0.0,0.0,0.0,0.0,132.4976,8.185,B,123737,False,False,False,False,25,6,2010
2010-06-25,15,8,19280.12,False,72.79,2.958,0.0,0.0,0.0,0.0,0.0,132.4976,8.185,B,123737,False,False,False,False,25,6,2010
2010-06-25,15,9,24643.33,False,72.79,2.958,0.0,0.0,0.0,0.0,0.0,132.4976,8.185,B,123737,False,False,False,False,25,6,2010
2010-07-02,15,1,11786.56,False,66.13,2.958,0.0,0.0,0.0,0.0,0.0,132.5218667,8.099,B,123737,False,False,False,False,26,7,2010
2010-07-02,15,2,31016.51,False,66.13,2.958,0.0,0.0,0.0,0.0,0.0,132.5218667,8.099,B,123737,False,False,False,False,26,7,2010
2010-07-02,15,3,6624.78,False,66.13,2.958,0.0,0.0,0.0,0.0,0.0,132.5218667,8.099,B,123737,False,False,False,False,26,7,2010
2010-07-02,15,4,15178.55,False,66.13,2.958,0.0,0.0,0.0,0.0,0.0,132.5218667,8.099,B,123737,False,False,False,False,26,7,2010
2010-07-02,15,5,15336.59,False,66.13,2.958,0.0,0.0,0.0,0.0,0.0,132.5218667,8.099,B,123737,False,False,False,False,26,7,2010
2010-07-02,15,6,7932.34,False,66.13,2.958,0.0,0.0,0.0,0.0,0.0,132.5218667,8.099,B,123737,False,False,False,False,26,7,2010
2010-07-02,15,7,22867.27,False,66.13,2.958,0.0,0.0,0.0,0.0,0.0,132.5218667,8.099,B,123737,False,False,False,False,26,7,2010
2010-07-02,15,8,21622.36,False,66.13,2.958,0.0,0.0,0.0,0.0,0.0,132.5218667,8.099,B,123737,False,False,False,False,26,7,2010
2010-07-02,15,9,29098.29,False,66.13,2.958,0.0,0.0,0.0,0.0,0.0,132.5218667,8.099,B,123737,False,False,False,False,26,7,2010
2010-07-09,15,1,9713.0,False,77.33,2.94,0.0,0.0,0.0,0.0,0.0,132.5461333,8.099,B,123737,False,False,False,False,27,7,2010
2010-07-09,15,2,28281.38,False,77.33,2.94,0.0,0.0,0.0,0.0,0.0,132.5461333,8.099,B,123737,False,False,False,False,27,7,2010
2010-07-09,15,3,7125.25,False,77.33,2.94,0.0,0.0,0.0,0.0,0.0,132.5461333,8.099,B,123737,False,False,False,False,27,7,2010
2010-07-09,15,4,14214.54,False,77.33,2.94,0.0,0.0,0.0,0.0,0.0,132.5461333,8.099,B,123737,False,False,False,False,27,7,2010
2010-07-09,15,5,11336.33,False,77.33,2.94,0.0,0.0,0.0,0.0,0.0,132.5461333,8.099,B,123737,False,False,False,False,27,7,2010
2010-07-09,15,6,4975.0,False,77.33,2.94,0.0,0.0,0.0,0.0,0.0,132.5461333,8.099,B,123737,False,False,False,False,27,7,2010
2010-07-09,15,7,26896.5,False,77.33,2.94,0.0,0.0,0.0,0.0,0.0,132.5461333,8.099,B,123737,False,False,False,False,27,7,2010
2010-07-09,15,8,18206.33,False,77.33,2.94,0.0,0.0,0.0,0.0,0.0,132.5461333,8.099,B,123737,False,False,False,False,27,7,2010
2010-07-09,15,9,27742.38,False,77.33,2.94,0.0,0.0,0.0,0.0,0.0,132.5461333,8.099,B,123737,False,False,False,False,27,7,2010
2010-07-16,15,1,10296.05,False,72.83,2.933,0.0,0.0,0.0,0.0,0.0,132.5667742,8.099,B,123737,False,False,False,False,28,7,2010
2010-07-16,15,2,29924.63,False,72.83,2.933,0.0,0.0,0.0,0.0,0.0,132.5667742,8.099,B,123737,False,False,False,False,28,7,2010
2010-07-16,15,3,10890.75,False,72.83,2.933,0.0,0.0,0.0,0.0,0.0,132.5667742,8.099,B,123737,False,False,False,False,28,7,2010
2010-07-16,15,4,15475.61,False,72.83,2.933,0.0,0.0,0.0,0.0,0.0,132.5667742,8.099,B,123737,False,False,False,False,28,7,2010
2010-07-16,15,5,10714.83,False,72.83,2.933,0.0,0.0,0.0,0.0,0.0,132.5667742,8.099,B,123737,False,False,False,False,28,7,2010
2010-07-16,15,6,4247.58,False,72.83,2.933,0.0,0.0,0.0,0.0,0.0,132.5667742,8.099,B,123737,False,False,False,False,28,7,2010
2010-07-16,15,7,19851.9,False,72.83,2.933,0.0,0.0,0.0,0.0,0.0,132.5667742,8.099,B,123737,False,False,False,False,28,7,2010
2010-07-16,15,8,20501.22,False,72.83,2.933,0.0,0.0,0.0,0.0,0.0,132.5667742,8.099,B,123737,False,False,False,False,28,7,2010
2010-07-16,15,9,22808.73,False,72.83,2.933,0.0,0.0,0.0,0.0,0.0,132.5667742,8.099,B,123737,False,False,False,False,28,7,2010
2010-07-23,15,1,9786.53,False,73.2,2.924,0.0,0.0,0.0,0.0,0.0,132.5825806,8.099,B,123737,False,False,False,False,29,7,2010
2010-07-23,15,2,29320.43,False,73.2,2.924,0.0,0.0,0.0,0.0,0.0,132.5825806,8.099,B,123737,False,False,False,False,29,7,2010
2010-07-23,15,3,12312.05,False,73.2,2.924,0.0,0.0,0.0,0.0,0.0,132.5825806,8.099,B,123737,False,False,False,False,29,7,2010
2010-07-23,15,4,13825.52,False,73.2,2.924,0.0,0.0,0.0,0.0,0.0,132.5825806,8.099,B,123737,False,False,False,False,29,7,2010
2010-07-23,15,5,9988.75,False,73.2,2.924,0.0,0.0,0.0,0.0,0.0,132.5825806,8.099,B,123737,False,False,False,False,29,7,2010
2010-07-23,15,6,4472.66,False,73.2,2.924,0.0,0.0,0.0,0.0,0.0,132.5825806,8.099,B,123737,False,False,False,False,29,7,2010
2010-07-23,15,7,18515.96,False,73.2,2.924,0.0,0.0,0.0,0.0,0.0,132.5825806,8.099,B,123737,False,False,False,False,29,7,2010
2010-07-23,15,8,20882.62,False,73.2,2.924,0.0,0.0,0.0,0.0,0.0,132.5825806,8.099,B,123737,False,False,False,False,29,7,2010
2010-07-23,15,9,20623.87,False,73.2,2.924,0.0,0.0,0.0,0.0,0.0,132.5825806,8.099,B,123737,False,False,False,False,29,7,2010
2010-07-30,15,1,9787.47,False,72.04,2.932,0.0,0.0,0.0,0.0,0.0,132.5983871,8.099,B,123737,False,False,False,False,30,7,2010
2010-07-30,15,2,29895.76,False,72.04,2.932,0.0,0.0,0.0,0.0,0.0,132.5983871,8.099,B,123737,False,False,False,False,30,7,2010
2010-07-30,15,3,16225.4,False,72.04,2.932,0.0,0.0,0.0,0.0,0.0,132.5983871,8.099,B,123737,False,False,False,False,30,7,2010
2010-07-30,15,4,14608.25,False,72.04,2.932,0.0,0.0,0.0,0.0,0.0,132.5983871,8.099,B,123737,False,False,False,False,30,7,2010
2010-07-30,15,5,13986.52,False,72.04,2.932,0.0,0.0,0.0,0.0,0.0,132.5983871,8.099,B,123737,False,False,False,False,30,7,2010
2010-07-30,15,6,4970.13,False,72.04,2.932,0.0,0.0,0.0,0.0,0.0,132.5983871,8.099,B,123737,False,False,False,False,30,7,2010
2010-07-30,15,7,17833.28,False,72.04,2.932,0.0,0.0,0.0,0.0,0.0,132.5983871,8.099,B,123737,False,False,False,False,30,7,2010
2010-07-30,15,8,19893.67,False,72.04,2.932,0.0,0.0,0.0,0.0,0.0,132.5983871,8.099,B,123737,False,False,False,False,30,7,2010
2010-07-30,15,9,19310.83,False,72.04,2.932,0.0,0.0,0.0,0.0,0.0,132.5983871,8.099,B,123737,False,False,False,False,30,7,2010
2010-08-06,15,1,9748.72,False,72.7,2.942,0.0,0.0,0.0,0.0,0.0,132.6141935,8.099,B,123737,False,False,False,False,31,8,2010
2010-08-06,15,2,31491.52,False,72.7,2.942,0.0,0.0,0.0,0.0,0.0,132.6141935,8.099,B,123737,False,False,False,False,31,8,2010
2010-08-06,15,3,19628.71,False,72.7,2.942,0.0,0.0,0.0,0.0,0.0,132.6141935,8.099,B,123737,False,False,False,False,31,8,2010
2010-08-06,15,4,14956.12,False,72.7,2.942,0.0,0.0,0.0,0.0,0.0,132.6141935,8.099,B,123737,False,False,False,False,31,8,2010
2010-08-06,15,5,12595.76,False,72.7,2.942,0.0,0.0,0.0,0.0,0.0,132.6141935,8.099,B,123737,False,False,False,False,31,8,2010
2010-08-06,15,6,5025.91,False,72.7,2.942,0.0,0.0,0.0,0.0,0.0,132.6141935,8.099,B,123737,False,False,False,False,31,8,2010
2010-08-06,15,7,17890.15,False,72.7,2.942,0.0,0.0,0.0,0.0,0.0,132.6141935,8.099,B,123737,False,False,False,False,31,8,2010
2010-08-06,15,8,21204.35,False,72.7,2.942,0.0,0.0,0.0,0.0,0.0,132.6141935,8.099,B,123737,False,False,False,False,31,8,2010
2010-08-06,15,9,18797.89,False,72.7,2.942,0.0,0.0,0.0,0.0,0.0,132.6141935,8.099,B,123737,False,False,False,False,31,8,2010
2010-08-13,15,1,9486.1,False,72.17,2.923,0.0,0.0,0.0,0.0,0.0,132.63,8.099,B,123737,False,False,False,False,32,8,2010
2010-08-13,15,2,31840.77,False,72.17,2.923,0.0,0.0,0.0,0.0,0.0,132.63,8.099,B,123737,False,False,False,False,32,8,2010
2010-08-13,15,3,24312.06,False,72.17,2.923,0.0,0.0,0.0,0.0,0.0,132.63,8.099,B,123737,False,False,False,False,32,8,2010
2010-08-13,15,4,13704.25,False,72.17,2.923,0.0,0.0,0.0,0.0,0.0,132.63,8.099,B,123737,False,False,False,False,32,8,2010
2010-08-13,15,5,11292.11,False,72.17,2.923,0.0,0.0,0.0,0.0,0.0,132.63,8.099,B,123737,False,False,False,False,32,8,2010
2010-08-13,15,6,6415.66,False,72.17,2.923,0.0,0.0,0.0,0.0,0.0,132.63,8.099,B,123737,False,False,False,False,32,8,2010
2010-08-13,15,7,18307.24,False,72.17,2.923,0.0,0.0,0.0,0.0,0.0,132.63,8.099,B,123737,False,False,False,False,32,8,2010
2010-08-13,15,8,18896.75,False,72.17,2.923,0.0,0.0,0.0,0.0,0.0,132.63,8.099,B,123737,False,False,False,False,32,8,2010
2010-08-13,15,9,19742.2,False,72.17,2.923,0.0,0.0,0.0,0.0,0.0,132.63,8.099,B,123737,False,False,False,False,32,8,2010
2010-08-20,15,1,9028.46,False,71.1,2.913,0.0,0.0,0.0,0.0,0.0,132.6616129,8.099,B,123737,False,False,False,False,33,8,2010
2010-08-20,15,2,31679.33,False,71.1,2.913,0.0,0.0,0.0,0.0,0.0,132.6616129,8.099,B,123737,False,False,False,False,33,8,2010
2010-08-20,15,3,26682.75,False,71.1,2.913,0.0,0.0,0.0,0.0,0.0,132.6616129,8.099,B,123737,False,False,False,False,33,8,2010
2010-08-20,15,4,14624.9,False,71.1,2.913,0.0,0.0,0.0,0.0,0.0,132.6616129,8.099,B,123737,False,False,False,False,33,8,2010
2010-08-20,15,5,12506.34,False,71.1,2.913,0.0,0.0,0.0,0.0,0.0,132.6616129,8.099,B,123737,False,False,False,False,33,8,2010
2010-08-20,15,6,3157.08,False,71.1,2.913,0.0,0.0,0.0,0.0,0.0,132.6616129,8.099,B,123737,False,False,False,False,33,8,2010
2010-08-20,15,7,17056.87,False,71.1,2.913,0.0,0.0,0.0,0.0,0.0,132.6616129,8.099,B,123737,False,False,False,False,33,8,2010
2010-08-20,15,8,20933.76,False,71.1,2.913,0.0,0.0,0.0,0.0,0.0,132.6616129,8.099,B,123737,False,False,False,False,33,8,2010
2010-08-20,15,9,20564.54,False,71.1,2.913,0.0,0.0,0.0,0.0,0.0,132.6616129,8.099,B,123737,False,False,False,False,33,8,2010
2010-08-27,15,1,10117.65,False,65.07,2.885,0.0,0.0,0.0,0.0,0.0,132.6932258,8.099,B,123737,False,False,False,False,34,8,2010
2010-08-27,15,2,32211.66,False,65.07,2.885,0.0,0.0,0.0,0.0,0.0,132.6932258,8.099,B,123737,False,False,False,False,34,8,2010
2010-08-27,15,3,32060.14,False,65.07,2.885,0.0,0.0,0.0,0.0,0.0,132.6932258,8.099,B,123737,False,False,False,False,34,8,2010
2010-08-27,15,4,14955.57,False,65.07,2.885,0.0,0.0,0.0,0.0,0.0,132.6932258,8.099,B,123737,False,False,False,False,34,8,2010
2010-08-27,15,5,11516.31,False,65.07,2.885,0.0,0.0,0.0,0.0,0.0,132.6932258,8.099,B,123737,False,False,False,False,34,8,2010
2010-08-27,15,6,4224.78,False,65.07,2.885,0.0,0.0,0.0,0.0,0.0,132.6932258,8.099,B,123737,False,False,False,False,34,8,2010
2010-08-27,15,7,17211.82,False,65.07,2.885,0.0,0.0,0.0,0.0,0.0,132.6932258,8.099,B,123737,False,False,False,False,34,8,2010
2010-08-27,15,8,20062.92,False,65.07,2.885,0.0,0.0,0.0,0.0,0.0,132.6932258,8.099,B,123737,False,False,False,False,34,8,2010
2010-08-27,15,9,17914.34,False,65.07,2.885,0.0,0.0,0.0,0.0,0.0,132.6932258,8.099,B,123737,False,False,False,False,34,8,2010
2010-09-03,15,1,8966.71,False,73.17,2.86,0.0,0.0,0.0,0.0,0.0,132.7248387,8.099,B,123737,False,False,False,False,35,9,2010
2010-09-03,15,2,29790.99,False,73.17,2.86,0.0,0.0,0.0,0.0,0.0,132.7248387,8.099,B,123737,False,False,False,False,35,9,2010
2010-09-03,15,3,36169.04,False,73.17,2.86,0.0,0.0,0.0,0.0,0.0,132.7248387,8.099,B,123737,False,False,False,False,35,9,2010
2010-09-03,15,4,15476.34,False,73.17,2.86,0.0,0.0,0.0,0.0,0.0,132.7248387,8.099,B,123737,False,False,False,False,35,9,2010
2010-09-03,15,5,7597.13,False,73.17,2.86,0.0,0.0,0.0,0.0,0.0,132.7248387,8.099,B,123737,False,False,False,False,35,9,2010
2010-09-03,15,6,5151.43,False,73.17,2.86,0.0,0.0,0.0,0.0,0.0,132.7248387,8.099,B,123737,False,False,False,False,35,9,2010
2010-09-03,15,7,16081.04,False,73.17,2.86,0.0,0.0,0.0,0.0,0.0,132.7248387,8.099,B,123737,False,False,False,False,35,9,2010
2010-09-03,15,8,20608.16,False,73.17,2.86,0.0,0.0,0.0,0.0,0.0,132.7248387,8.099,B,123737,False,False,False,False,35,9,2010
2010-09-03,15,9,18164.92,False,73.17,2.86,0.0,0.0,0.0,0.0,0.0,132.7248387,8.099,B,123737,False,False,False,False,35,9,2010
2010-09-10,15,1,8701.08,True,62.36,2.837,0.0,0.0,0.0,0.0,0.0,132.7564516,8.099,B,123737,False,True,False,False,36,9,2010
2010-09-10,15,2,29278.39,True,62.36,2.837,0.0,0.0,0.0,0.0,0.0,132.7564516,8.099,B,123737,False,True,False,False,36,9,2010
2010-09-10,15,3,30909.49,True,62.36,2.837,0.0,0.0,0.0,0.0,0.0,132.7564516,8.099,B,123737,False,True,False,False,36,9,2010
2010-09-10,15,4,15126.29,True,62.36,2.837,0.0,0.0,0.0,0.0,0.0,132.7564516,8.099,B,123737,False,True,False,False,36,9,2010
2010-09-10,15,5,9981.73,True,62.36,2.837,0.0,0.0,0.0,0.0,0.0,132.7564516,8.099,B,123737,False,True,False,False,36,9,2010
2010-09-10,15,6,5140.6,True,62.36,2.837,0.0,0.0,0.0,0.0,0.0,132.7564516,8.099,B,123737,False,True,False,False,36,9,2010
2010-09-10,15,7,15483.88,True,62.36,2.837,0.0,0.0,0.0,0.0,0.0,132.7564516,8.099,B,123737,False,True,False,False,36,9,2010
2010-09-10,15,8,21046.11,True,62.36,2.837,0.0,0.0,0.0,0.0,0.0,132.7564516,8.099,B,123737,False,True,False,False,36,9,2010
2010-09-10,15,9,14445.31,True,62.36,2.837,0.0,0.0,0.0,0.0,0.0,132.7564516,8.099,B,123737,False,True,False,False,36,9,2010
2010-09-17,15,1,9197.12,False,57.94,2.846,0.0,0.0,0.0,0.0,0.0,132.7670667,8.099,B,123737,False,False,False,False,37,9,2010
2010-09-17,15,2,24585.63,False,57.94,2.846,0.0,0.0,0.0,0.0,0.0,132.7670667,8.099,B,123737,False,False,False,False,37,9,2010
2010-09-17,15,3,14109.87,False,57.94,2.846,0.0,0.0,0.0,0.0,0.0,132.7670667,8.099,B,123737,False,False,False,False,37,9,2010
2010-09-17,15,4,13584.77,False,57.94,2.846,0.0,0.0,0.0,0.0,0.0,132.7670667,8.099,B,123737,False,False,False,False,37,9,2010
2010-09-17,15,5,10180.57,False,57.94,2.846,0.0,0.0,0.0,0.0,0.0,132.7670667,8.099,B,123737,False,False,False,False,37,9,2010
2010-09-17,15,6,2516.66,False,57.94,2.846,0.0,0.0,0.0,0.0,0.0,132.7670667,8.099,B,123737,False,False,False,False,37,9,2010
2010-09-17,15,7,15341.85,False,57.94,2.846,0.0,0.0,0.0,0.0,0.0,132.7670667,8.099,B,123737,False,False,False,False,37,9,2010
2010-09-17,15,8,20811.04,False,57.94,2.846,0.0,0.0,0.0,0.0,0.0,132.7670667,8.099,B,123737,False,False,False,False,37,9,2010
2010-09-17,15,9,15157.23,False,57.94,2.846,0.0,0.0,0.0,0.0,0.0,132.7670667,8.099,B,123737,False,False,False,False,37,9,2010
2010-09-24,15,1,10009.61,False,62.53,2.837,0.0,0.0,0.0,0.0,0.0,132.7619333,8.099,B,123737,False,False,False,False,38,9,2010
2010-09-24,15,2,25030.1,False,62.53,2.837,0.0,0.0,0.0,0.0,0.0,132.7619333,8.099,B,123737,False,False,False,False,38,9,2010
2010-09-24,15,3,7153.21,False,62.53,2.837,0.0,0.0,0.0,0.0,0.0,132.7619333,8.099,B,123737,False,False,False,False,38,9,2010
2010-09-24,15,4,12943.67,False,62.53,2.837,0.0,0.0,0.0,0.0,0.0,132.7619333,8.099,B,123737,False,False,False,False,38,9,2010
2010-09-24,15,5,10551.88,False,62.53,2.837,0.0,0.0,0.0,0.0,0.0,132.7619333,8.099,B,123737,False,False,False,False,38,9,2010
2010-09-24,15,6,3053.32,False,62.53,2.837,0.0,0.0,0.0,0.0,0.0,132.7619333,8.099,B,123737,False,False,False,False,38,9,2010
2010-09-24,15,7,15181.75,False,62.53,2.837,0.0,0.0,0.0,0.0,0.0,132.7619333,8.099,B,123737,False,False,False,False,38,9,2010
2010-09-24,15,8,19782.95,False,62.53,2.837,0.0,0.0,0.0,0.0,0.0,132.7619333,8.099,B,123737,False,False,False,False,38,9,2010
2010-09-24,15,9,14137.7,False,62.53,2.837,0.0,0.0,0.0,0.0,0.0,132.7619333,8.099,B,123737,False,False,False,False,38,9,2010
2010-10-01,15,1,10995.37,False,59.69,2.84,0.0,0.0,0.0,0.0,0.0,132.7568,8.067,B,123737,False,False,False,False,39,10,2010
2010-10-01,15,2,25178.84,False,59.69,2.84,0.0,0.0,0.0,0.0,0.0,132.7568,8.067,B,123737,False,False,False,False,39,10,2010
2010-10-01,15,3,7680.18,False,59.69,2.84,0.0,0.0,0.0,0.0,0.0,132.7568,8.067,B,123737,False,False,False,False,39,10,2010
2010-10-01,15,4,13065.78,False,59.69,2.84,0.0,0.0,0.0,0.0,0.0,132.7568,8.067,B,123737,False,False,False,False,39,10,2010
2010-10-01,15,5,12665.32,False,59.69,2.84,0.0,0.0,0.0,0.0,0.0,132.7568,8.067,B,123737,False,False,False,False,39,10,2010
2010-10-01,15,6,3427.23,False,59.69,2.84,0.0,0.0,0.0,0.0,0.0,132.7568,8.067,B,123737,False,False,False,False,39,10,2010
2010-10-01,15,7,13991.9,False,59.69,2.84,0.0,0.0,0.0,0.0,0.0,132.7568,8.067,B,123737,False,False,False,False,39,10,2010
2010-10-01,15,8,19863.93,False,59.69,2.84,0.0,0.0,0.0,0.0,0.0,132.7568,8.067,B,123737,False,False,False,False,39,10,2010
2010-10-01,15,9,18178.86,False,59.69,2.84,0.0,0.0,0.0,0.0,0.0,132.7568,8.067,B,123737,False,False,False,False,39,10,2010
2010-10-08,15,1,12770.46,False,52.19,2.903,0.0,0.0,0.0,0.0,0.0,132.7516667,8.067,B,123737,False,False,False,False,40,10,2010
2010-10-08,15,2,25330.57,False,52.19,2.903,0.0,0.0,0.0,0.0,0.0,132.7516667,8.067,B,123737,False,False,False,False,40,10,2010
2010-10-08,15,3,6939.43,False,52.19,2.903,0.0,0.0,0.0,0.0,0.0,132.7516667,8.067,B,123737,False,False,False,False,40,10,2010
2010-10-08,15,4,13436.85,False,52.19,2.903,0.0,0.0,0.0,0.0,0.0,132.7516667,8.067,B,123737,False,False,False,False,40,10,2010
2010-10-08,15,5,14532.19,False,52.19,2.903,0.0,0.0,0.0,0.0,0.0,132.7516667,8.067,B,123737,False,False,False,False,40,10,2010
2010-10-08,15,6,5297.27,False,52.19,2.903,0.0,0.0,0.0,0.0,0.0,132.7516667,8.067,B,123737,False,False,False,False,40,10,2010
2010-10-08,15,7,16900.73,False,52.19,2.903,0.0,0.0,0.0,0.0,0.0,132.7516667,8.067,B,123737,False,False,False,False,40,10,2010
2010-10-08,15,8,20516.35,False,52.19,2.903,0.0,0.0,0.0,0.0,0.0,132.7516667,8.067,B,123737,False,False,False,False,40,10,2010
2010-10-08,15,9,16582.33,False,52.19,2.903,0.0,0.0,0.0,0.0,0.0,132.7516667,8.067,B,123737,False,False,False,False,40,10,2010
2010-10-15,15,1,14464.53,False,49.96,2.999,0.0,0.0,0.0,0.0,0.0,132.7633548,8.067,B,123737,False,False,False,False,41,10,2010
2010-10-15,15,2,23597.79,False,49.96,2.999,0.0,0.0,0.0,0.0,0.0,132.7633548,8.067,B,123737,False,False,False,False,41,10,2010
2010-10-15,15,3,6879.8,False,49.96,2.999,0.0,0.0,0.0,0.0,0.0,132.7633548,8.067,B,123737,False,False,False,False,41,10,2010
2010-10-15,15,4,12461.67,False,49.96,2.999,0.0,0.0,0.0,0.0,0.0,132.7633548,8.067,B,123737,False,False,False,False,41,10,2010
2010-10-15,15,5,12849.44,False,49.96,2.999,0.0,0.0,0.0,0.0,0.0,132.7633548,8.067,B,123737,False,False,False,False,41,10,2010
2010-10-15,15,6,4524.84,False,49.96,2.999,0.0,0.0,0.0,0.0,0.0,132.7633548,8.067,B,123737,False,False,False,False,41,10,2010
2010-10-15,15,7,16980.45,False,49.96,2.999,0.0,0.0,0.0,0.0,0.0,132.7633548,8.067,B,123737,False,False,False,False,41,10,2010
2010-10-15,15,8,19172.76,False,49.96,2.999,0.0,0.0,0.0,0.0,0.0,132.7633548,8.067,B,123737,False,False,False,False,41,10,2010
2010-10-15,15,9,17728.85,False,49.96,2.999,0.0,0.0,0.0,0.0,0.0,132.7633548,8.067,B,123737,False,False,False,False,41,10,2010
2010-10-22,15,1,17156.62,False,47.1,3.049,0.0,0.0,0.0,0.0,0.0,132.8170968,8.067,B,123737,False,False,False,False,42,10,2010
2010-10-22,15,2,26384.88,False,47.1,3.049,0.0,0.0,0.0,0.0,0.0,132.8170968,8.067,B,123737,False,False,False,False,42,10,2010
2010-10-22,15,3,7426.0,False,47.1,3.049,0.0,0.0,0.0,0.0,0.0,132.8170968,8.067,B,123737,False,False,False,False,42,10,2010
2010-10-22,15,4,12847.92,False,47.1,3.049,0.0,0.0,0.0,0.0,0.0,132.8170968,8.067,B,123737,False,False,False,False,42,10,2010
2010-10-22,15,5,15392.8,False,47.1,3.049,0.0,0.0,0.0,0.0,0.0,132.8170968,8.067,B,123737,False,False,False,False,42,10,2010
2010-10-22,15,6,3245.61,False,47.1,3.049,0.0,0.0,0.0,0.0,0.0,132.8170968,8.067,B,123737,False,False,False,False,42,10,2010
2010-10-22,15,7,16548.62,False,47.1,3.049,0.0,0.0,0.0,0.0,0.0,132.8170968,8.067,B,123737,False,False,False,False,42,10,2010
2010-10-22,15,8,20313.54,False,47.1,3.049,0.0,0.0,0.0,0.0,0.0,132.8170968,8.067,B,123737,False,False,False,False,42,10,2010
2010-10-22,15,9,12157.32,False,47.1,3.049,0.0,0.0,0.0,0.0,0.0,132.8170968,8.067,B,123737,False,False,False,False,42,10,2010
2010-10-29,15,1,28335.25,False,55.09,3.055,0.0,0.0,0.0,0.0,0.0,132.8708387,8.067,B,123737,False,False,False,False,43,10,2010
2010-10-29,15,2,25114.86,False,55.09,3.055,0.0,0.0,0.0,0.0,0.0,132.8708387,8.067,B,123737,False,False,False,False,43,10,2010
2010-10-29,15,3,7279.68,False,55.09,3.055,0.0,0.0,0.0,0.0,0.0,132.8708387,8.067,B,123737,False,False,False,False,43,10,2010
2010-10-29,15,4,13055.73,False,55.09,3.055,0.0,0.0,0.0,0.0,0.0,132.8708387,8.067,B,123737,False,False,False,False,43,10,2010
2010-10-29,15,5,11358.23,False,55.09,3.055,0.0,0.0,0.0,0.0,0.0,132.8708387,8.067,B,123737,False,False,False,False,43,10,2010
2010-10-29,15,6,4579.38,False,55.09,3.055,0.0,0.0,0.0,0.0,0.0,132.8708387,8.067,B,123737,False,False,False,False,43,10,2010
2010-10-29,15,7,15958.24,False,55.09,3.055,0.0,0.0,0.0,0.0,0.0,132.8708387,8.067,B,123737,False,False,False,False,43,10,2010
2010-10-29,15,8,21007.24,False,55.09,3.055,0.0,0.0,0.0,0.0,0.0,132.8708387,8.067,B,123737,False,False,False,False,43,10,2010
2010-10-29,15,9,11262.98,False,55.09,3.055,0.0,0.0,0.0,0.0,0.0,132.8708387,8.067,B,123737,False,False,False,False,43,10,2010
2010-11-05,15,1,21450.6,False,40.29,3.049,0.0,0.0,0.0,0.0,0.0,132.9245806,8.067,B,123737,False,False,False,False,44,11,2010
2010-11-05,15,2,24823.46,False,40.29,3.049,0.0,0.0,0.0,0.0,0.0,132.9245806,8.067,B,123737,False,False,False,False,44,11,2010
2010-11-05,15,3,6602.99,False,40.29,3.049,0.0,0.0,0.0,0.0,0.0,132.9245806,8.067,B,123737,False,False,False,False,44,11,2010
2010-11-05,15,4,13679.17,False,40.29,3.049,0.0,0.0,0.0,0.0,0.0,132.9245806,8.067,B,123737,False,False,False,False,44,11,2010
2010-11-05,15,5,16370.02,False,40.29,3.049,0.0,0.0,0.0,0.0,0.0,132.9245806,8.067,B,123737,False,False,False,False,44,11,2010
2010-11-05,15,6,5600.94,False,40.29,3.049,0.0,0.0,0.0,0.0,0.0,132.9245806,8.067,B,123737,False,False,False,False,44,11,2010
2010-11-05,15,7,17291.98,False,40.29,3.049,0.0,0.0,0.0,0.0,0.0,132.9245806,8.067,B,123737,False,False,False,False,44,11,2010
2010-11-05,15,8,22724.6,False,40.29,3.049,0.0,0.0,0.0,0.0,0.0,132.9245806,8.067,B,123737,False,False,False,False,44,11,2010
2010-11-05,15,9,12072.44,False,40.29,3.049,0.0,0.0,0.0,0.0,0.0,132.9245806,8.067,B,123737,False,False,False,False,44,11,2010
2010-11-12,15,1,8468.98,False,39.63,3.065,0.0,0.0,0.0,0.0,0.0,132.9783226,8.067,B,123737,False,False,False,False,45,11,2010
2010-11-12,15,2,24906.56,False,39.63,3.065,0.0,0.0,0.0,0.0,0.0,132.9783226,8.067,B,123737,False,False,False,False,45,11,2010
2010-11-12,15,3,6875.09,False,39.63,3.065,0.0,0.0,0.0,0.0,0.0,132.9783226,8.067,B,123737,False,False,False,False,45,11,2010
2010-11-12,15,4,13396.66,False,39.63,3.065,0.0,0.0,0.0,0.0,0.0,132.9783226,8.067,B,123737,False,False,False,False,45,11,2010
2010-11-12,15,5,21187.8,False,39.63,3.065,0.0,0.0,0.0,0.0,0.0,132.9783226,8.067,B,123737,False,False,False,False,45,11,2010
2010-11-12,15,6,2690.76,False,39.63,3.065,0.0,0.0,0.0,0.0,0.0,132.9783226,8.067,B,123737,False,False,False,False,45,11,2010
2010-11-12,15,7,26796.43,False,39.63,3.065,0.0,0.0,0.0,0.0,0.0,132.9783226,8.067,B,123737,False,False,False,False,45,11,2010
2010-11-12,15,8,20935.35,False,39.63,3.065,0.0,0.0,0.0,0.0,0.0,132.9783226,8.067,B,123737,False,False,False,False,45,11,2010
2010-11-12,15,9,10363.05,False,39.63,3.065,0.0,0.0,0.0,0.0,0.0,132.9783226,8.067,B,123737,False,False,False,False,45,11,2010
2010-11-19,15,1,9183.7,False,44.1,3.138,0.0,0.0,0.0,0.0,0.0,132.9172,8.067,B,123737,False,False,False,False,46,11,2010
2010-11-19,15,2,22421.67,False,44.1,3.138,0.0,0.0,0.0,0.0,0.0,132.9172,8.067,B,123737,False,False,False,False,46,11,2010
2010-11-19,15,3,6863.59,False,44.1,3.138,0.0,0.0,0.0,0.0,0.0,132.9172,8.067,B,123737,False,False,False,False,46,11,2010
2010-11-19,15,4,12829.24,False,44.1,3.138,0.0,0.0,0.0,0.0,0.0,132.9172,8.067,B,123737,False,False,False,False,46,11,2010
2010-11-19,15,5,20279.73,False,44.1,3.138,0.0,0.0,0.0,0.0,0.0,132.9172,8.067,B,123737,False,False,False,False,46,11,2010
2010-11-19,15,6,2399.75,False,44.1,3.138,0.0,0.0,0.0,0.0,0.0,132.9172,8.067,B,123737,False,False,False,False,46,11,2010
2010-11-19,15,7,27594.96,False,44.1,3.138,0.0,0.0,0.0,0.0,0.0,132.9172,8.067,B,123737,False,False,False,False,46,11,2010
2010-11-19,15,8,21149.2,False,44.1,3.138,0.0,0.0,0.0,0.0,0.0,132.9172,8.067,B,123737,False,False,False,False,46,11,2010
2010-11-19,15,9,15966.05,False,44.1,3.138,0.0,0.0,0.0,0.0,0.0,132.9172,8.067,B,123737,False,False,False,False,46,11,2010
2010-11-26,15,1,11286.82,True,40.71,3.186,0.0,0.0,0.0,0.0,0.0,132.8369333,8.067,B,123737,False,False,True,False,47,11,2010
2010-11-26,15,2,23654.77,True,40.71,3.186,0.0,0.0,0.0,0.0,0.0,132.8369333,8.067,B,123737,False,False,True,False,47,11,2010
2010-11-26,15,3,10426.37,True,40.71,3.186,0.0,0.0,0.0,0.0,0.0,132.8369333,8.067,B,123737,False,False,True,False,47,11,2010
2010-11-26,15,4,13078.86,True,40.71,3.186,0.0,0.0,0.0,0.0,0.0,132.8369333,8.067,B,123737,False,False,True,False,47,11,2010
2010-11-26,15,5,75002.25,True,40.71,3.186,0.0,0.0,0.0,0.0,0.0,132.8369333,8.067,B,123737,False,False,True,False,47,11,2010
2010-11-26,15,6,24366.85,True,40.71,3.186,0.0,0.0,0.0,0.0,0.0,132.8369333,8.067,B,123737,False,False,True,False,47,11,2010
2010-11-26,15,7,81164.33,True,40.71,3.186,0.0,0.0,0.0,0.0,0.0,132.8369333,8.067,B,123737,False,False,True,False,47,11,2010
2010-11-26,15,8,18066.22,True,40.71,3.186,0.0,0.0,0.0,0.0,0.0,132.8369333,8.067,B,123737,False,False,True,False,47,11,2010
2010-11-26,15,9,16932.95,True,40.71,3.186,0.0,0.0,0.0,0.0,0.0,132.8369333,8.067,B,123737,False,False,True,False,47,11,2010
2010-12-03,15,1,13967.4,False,36.0,3.2,0.0,0.0,0.0,0.0,0.0,132.7566667,8.067,B,123737,False,False,False,False,48,12,2010
2010-12-03,15,2,26337.63,False,36.0,3.2,0.0,0.0,0.0,0.0,0.0,132.7566667,8.067,B,123737,False,False,False,False,48,12,2010
2010-12-03,15,3,8204.84,False,36.0,3.2,0.0,0.0,0.0,0.0,0.0,132.7566667,8.067,B,123737,False,False,False,False,48,12,2010
2010-12-03,15,4,13439.51,False,36.0,3.2,0.0,0.0,0.0,0.0,0.0,132.7566667,8.067,B,123737,False,False,False,False,48,12,2010
2010-12-03,15,5,29929.71,False,36.0,3.2,0.0,0.0,0.0,0.0,0.0,132.7566667,8.067,B,123737,False,False,False,False,48,12,2010
2010-12-03,15,6,4876.46,False,36.0,3.2,0.0,0.0,0.0,0.0,0.0,132.7566667,8.067,B,123737,False,False,False,False,48,12,2010
2010-12-03,15,7,46028.75,False,36.0,3.2,0.0,0.0,0.0,0.0,0.0,132.7566667,8.067,B,123737,False,False,False,False,48,12,2010
2010-12-03,15,8,20770.08,False,36.0,3.2,0.0,0.0,0.0,0.0,0.0,132.7566667,8.067,B,123737,False,False,False,False,48,12,2010
2010-12-03,15,9,9093.44,False,36.0,3.2,0.0,0.0,0.0,0.0,0.0,132.7566667,8.067,B,123737,False,False,False,False,48,12,2010
2010-12-10,15,1,20511.41,False,23.97,3.255,0.0,0.0,0.0,0.0,0.0,132.6764,8.067,B,123737,False,False,False,False,49,12,2010
2010-12-10,15,2,25827.5,False,23.97,3.255,0.0,0.0,0.0,0.0,0.0,132.6764,8.067,B,123737,False,False,False,False,49,12,2010
2010-12-10,15,3,9069.84,False,23.97,3.255,0.0,0.0,0.0,0.0,0.0,132.6764,8.067,B,123737,False,False,False,False,49,12,2010
2010-12-10,15,4,12818.43,False,23.97,3.255,0.0,0.0,0.0,0.0,0.0,132.6764,8.067,B,123737,False,False,False,False,49,12,2010
2010-12-10,15,5,44231.84,False,23.97,3.255,0.0,0.0,0.0,0.0,0.0,132.6764,8.067,B,123737,False,False,False,False,49,12,2010
2010-12-10,15,6,9166.7,False,23.97,3.255,0.0,0.0,0.0,0.0,0.0,132.6764,8.067,B,123737,False,False,False,False,49,12,2010
2010-12-10,15,7,63112.45,False,23.97,3.255,0.0,0.0,0.0,0.0,0.0,132.6764,8.067,B,123737,False,False,False,False,49,12,2010
2010-12-10,15,8,22485.99,False,23.97,3.255,0.0,0.0,0.0,0.0,0.0,132.6764,8.067,B,123737,False,False,False,False,49,12,2010
2010-12-10,15,9,10505.82,False,23.97,3.255,0.0,0.0,0.0,0.0,0.0,132.6764,8.067,B,123737,False,False,False,False,49,12,2010
2010-12-17,15,1,31921.48,False,25.3,3.301,0.0,0.0,0.0,0.0,0.0,132.6804516,8.067,B,123737,False,False,False,False,50,12,2010
2010-12-17,15,2,30720.87,False,25.3,3.301,0.0,0.0,0.0,0.0,0.0,132.6804516,8.067,B,123737,False,False,False,False,50,12,2010
2010-12-17,15,3,12071.59,False,25.3,3.301,0.0,0.0,0.0,0.0,0.0,132.6804516,8.067,B,123737,False,False,False,False,50,12,2010
2010-12-17,15,4,14020.6,False,25.3,3.301,0.0,0.0,0.0,0.0,0.0,132.6804516,8.067,B,123737,False,False,False,False,50,12,2010
2010-12-17,15,5,59903.8,False,25.3,3.301,0.0,0.0,0.0,0.0,0.0,132.6804516,8.067,B,123737,False,False,False,False,50,12,2010
2010-12-17,15,6,12503.91,False,25.3,3.301,0.0,0.0,0.0,0.0,0.0,132.6804516,8.067,B,123737,False,False,False,False,50,12,2010
2010-12-17,15,7,80062.76,False,25.3,3.301,0.0,0.0,0.0,0.0,0.0,132.6804516,8.067,B,123737,False,False,False,False,50,12,2010
2010-12-17,15,8,24852.88,False,25.3,3.301,0.0,0.0,0.0,0.0,0.0,132.6804516,8.067,B,123737,False,False,False,False,50,12,2010
2010-12-17,15,9,13901.07,False,25.3,3.301,0.0,0.0,0.0,0.0,0.0,132.6804516,8.067,B,123737,False,False,False,False,50,12,2010
2010-12-24,15,1,43929.92,False,25.07,3.309,0.0,0.0,0.0,0.0,0.0,132.7477419,8.067,B,123737,False,False,False,False,51,12,2010
2010-12-24,15,2,45445.84,False,25.07,3.309,0.0,0.0,0.0,0.0,0.0,132.7477419,8.067,B,123737,False,False,False,False,51,12,2010
2010-12-24,15,3,17312.33,False,25.07,3.309,0.0,0.0,0.0,0.0,0.0,132.7477419,8.067,B,123737,False,False,False,False,51,12,2010
2010-12-24,15,4,16610.51,False,25.07,3.309,0.0,0.0,0.0,0.0,0.0,132.7477419,8.067,B,123737,False,False,False,False,51,12,2010
2010-12-24,15,5,83150.97,False,25.07,3.309,0.0,0.0,0.0,0.0,0.0,132.7477419,8.067,B,123737,False,False,False,False,51,12,2010
2010-12-24,15,6,27586.99,False,25.07,3.309,0.0,0.0,0.0,0.0,0.0,132.7477419,8.067,B,123737,False,False,False,False,51,12,2010
2010-12-24,15,7,118878.66,False,25.07,3.309,0.0,0.0,0.0,0.0,0.0,132.7477419,8.067,B,123737,False,False,False,False,51,12,2010
2010-12-24,15,8,33355.73,False,25.07,3.309,0.0,0.0,0.0,0.0,0.0,132.7477419,8.067,B,123737,False,False,False,False,51,12,2010
2010-12-24,15,9,27147.36,False,25.07,3.309,0.0,0.0,0.0,0.0,0.0,132.7477419,8.067,B,123737,False,False,False,False,51,12,2010
2010-12-31,15,1,9016.08,True,26.54,3.336,0.0,0.0,0.0,0.0,0.0,132.8150323,8.067,B,123737,False,False,False,True,52,12,2010
2010-12-31,15,2,20045.11,True,26.54,3.336,0.0,0.0,0.0,0.0,0.0,132.8150323,8.067,B,123737,False,False,False,True,52,12,2010
2010-12-31,15,3,6806.06,True,26.54,3.336,0.0,0.0,0.0,0.0,0.0,132.8150323,8.067,B,123737,False,False,False,True,52,12,2010
2010-12-31,15,4,11834.11,True,26.54,3.336,0.0,0.0,0.0,0.0,0.0,132.8150323,8.067,B,123737,False,False,False,True,52,12,2010
2010-12-31,15,5,19157.7,True,26.54,3.336,0.0,0.0,0.0,0.0,0.0,132.8150323,8.067,B,123737,False,False,False,True,52,12,2010
2010-12-31,15,6,4331.65,True,26.54,3.336,0.0,0.0,0.0,0.0,0.0,132.8150323,8.067,B,123737,False,False,False,True,52,12,2010
2010-12-31,15,7,12370.37,True,26.54,3.336,0.0,0.0,0.0,0.0,0.0,132.8150323,8.067,B,123737,False,False,False,True,52,12,2010
2010-12-31,15,8,15748.32,True,26.54,3.336,0.0,0.0,0.0,0.0,0.0,132.8150323,8.067,B,123737,False,False,False,True,52,12,2010
2010-12-31,15,9,7452.54,True,26.54,3.336,0.0,0.0,0.0,0.0,0.0,132.8150323,8.067,B,123737,False,False,False,True,52,12,2010
2011-01-07,15,1,7332.82,False,30.53,3.351,0.0,0.0,0.0,0.0,0.0,132.8823226,7.771,B,123737,False,False,False,False,1,1,2011
2011-01-07,15,2,22346.06,False,30.53,3.351,0.0,0.0,0.0,0.0,0.0,132.8823226,7.771,B,123737,False,False,False,False,1,1,2011
2011-01-07,15,3,11594.19,False,30.53,3.351,0.0,0.0,0.0,0.0,0.0,132.8823226,7.771,B,123737,False,False,False,False,1,1,2011
2011-01-07,15,4,11745.58,False,30.53,3.351,0.0,0.0,0.0,0.0,0.0,132.8823226,7.771,B,123737,False,False,False,False,1,1,2011
2011-01-07,15,5,12897.82,False,30.53,3.351,0.0,0.0,0.0,0.0,0.0,132.8823226,7.771,B,123737,False,False,False,False,1,1,2011
2011-01-07,15,6,1101.76,False,30.53,3.351,0.0,0.0,0.0,0.0,0.0,132.8823226,7.771,B,123737,False,False,False,False,1,1,2011
2011-01-07,15,7,9408.43,False,30.53,3.351,0.0,0.0,0.0,0.0,0.0,132.8823226,7.771,B,123737,False,False,False,False,1,1,2011
2011-01-07,15,8,18043.51,False,30.53,3.351,0.0,0.0,0.0,0.0,0.0,132.8823226,7.771,B,123737,False,False,False,False,1,1,2011
2011-01-07,15,9,8252.24,False,30.53,3.351,0.0,0.0,0.0,0.0,0.0,132.8823226,7.771,B,123737,False,False,False,False,1,1,2011
2011-01-14,15,1,8064.3,False,19.53,3.367,0.0,0.0,0.0,0.0,0.0,132.9510645,7.771,B,123737,False,False,False,False,2,1,2011
2011-01-14,15,2,21990.05,False,19.53,3.367,0.0,0.0,0.0,0.0,0.0,132.9510645,7.771,B,123737,False,False,False,False,2,1,2011
2011-01-14,15,3,10091.45,False,19.53,3.367,0.0,0.0,0.0,0.0,0.0,132.9510645,7.771,B,123737,False,False,False,False,2,1,2011
2011-01-14,15,4,11764.81,False,19.53,3.367,0.0,0.0,0.0,0.0,0.0,132.9510645,7.771,B,123737,False,False,False,False,2,1,2011
2011-01-14,15,5,12392.49,False,19.53,3.367,0.0,0.0,0.0,0.0,0.0,132.9510645,7.771,B,123737,False,False,False,False,2,1,2011
2011-01-14,15,6,1769.66,False,19.53,3.367,0.0,0.0,0.0,0.0,0.0,132.9510645,7.771,B,123737,False,False,False,False,2,1,2011
2011-01-14,15,7,10301.31,False,19.53,3.367,0.0,0.0,0.0,0.0,0.0,132.9510645,7.771,B,123737,False,False,False,False,2,1,2011
2011-01-14,15,8,18001.72,False,19.53,3.367,0.0,0.0,0.0,0.0,0.0,132.9510645,7.771,B,123737,False,False,False,False,2,1,2011
2011-01-14,15,9,4885.89,False,19.53,3.367,0.0,0.0,0.0,0.0,0.0,132.9510645,7.771,B,123737,False,False,False,False,2,1,2011
2011-01-21,15,1,8902.48,False,21.84,3.391,0.0,0.0,0.0,0.0,0.0,133.0285161,7.771,B,123737,False,False,False,False,3,1,2011
2011-01-21,15,2,22935.55,False,21.84,3.391,0.0,0.0,0.0,0.0,0.0,133.0285161,7.771,B,123737,False,False,False,False,3,1,2011
2011-01-21,15,3,10819.31,False,21.84,3.391,0.0,0.0,0.0,0.0,0.0,133.0285161,7.771,B,123737,False,False,False,False,3,1,2011
2011-01-21,15,4,11894.8,False,21.84,3.391,0.0,0.0,0.0,0.0,0.0,133.0285161,7.771,B,123737,False,False,False,False,3,1,2011
2011-01-21,15,5,13323.1,False,21.84,3.391,0.0,0.0,0.0,0.0,0.0,133.0285161,7.771,B,123737,False,False,False,False,3,1,2011
2011-01-21,15,6,1713.87,False,21.84,3.391,0.0,0.0,0.0,0.0,0.0,133.0285161,7.771,B,123737,False,False,False,False,3,1,2011
2011-01-21,15,7,10835.47,False,21.84,3.391,0.0,0.0,0.0,0.0,0.0,133.0285161,7.771,B,123737,False,False,False,False,3,1,2011
2011-01-21,15,8,19029.95,False,21.84,3.391,0.0,0.0,0.0,0.0,0.0,133.0285161,7.771,B,123737,False,False,False,False,3,1,2011
2011-01-21,15,9,6827.99,False,21.84,3.391,0.0,0.0,0.0,0.0,0.0,133.0285161,7.771,B,123737,False,False,False,False,3,1,2011
2011-01-28,15,1,9911.66,False,19.61,3.402,0.0,0.0,0.0,0.0,0.0,133.1059677,7.771,B,123737,False,False,False,False,4,1,2011
2011-01-28,15,2,22431.83,False,19.61,3.402,0.0,0.0,0.0,0.0,0.0,133.1059677,7.771,B,123737,False,False,False,False,4,1,2011
2011-01-28,15,3,10641.09,False,19.61,3.402,0.0,0.0,0.0,0.0,0.0,133.1059677,7.771,B,123737,False,False,False,False,4,1,2011
2011-01-28,15,4,10950.77,False,19.61,3.402,0.0,0.0,0.0,0.0,0.0,133.1059677,7.771,B,123737,False,False,False,False,4,1,2011
2011-01-28,15,5,14867.31,False,19.61,3.402,0.0,0.0,0.0,0.0,0.0,133.1059677,7.771,B,123737,False,False,False,False,4,1,2011
2011-01-28,15,6,3115.27,False,19.61,3.402,0.0,0.0,0.0,0.0,0.0,133.1059677,7.771,B,123737,False,False,False,False,4,1,2011
2011-01-28,15,7,9621.13,False,19.61,3.402,0.0,0.0,0.0,0.0,0.0,133.1059677,7.771,B,123737,False,False,False,False,4,1,2011
2011-01-28,15,8,18051.93,False,19.61,3.402,0.0,0.0,0.0,0.0,0.0,133.1059677,7.771,B,123737,False,False,False,False,4,1,2011
2011-01-28,15,9,5699.78,False,19.61,3.402,0.0,0.0,0.0,0.0,0.0,133.1059677,7.771,B,123737,False,False,False,False,4,1,2011
2011-02-04,15,1,11523.89,False,20.69,3.4,0.0,0.0,0.0,0.0,0.0,133.1834194,7.771,B,123737,False,False,False,False,5,2,2011
2011-02-04,15,2,22970.26,False,20.69,3.4,0.0,0.0,0.0,0.0,0.0,133.1834194,7.771,B,123737,False,False,False,False,5,2,2011
2011-02-04,15,3,8811.82,False,20.69,3.4,0.0,0.0,0.0,0.0,0.0,133.1834194,7.771,B,123737,False,False,False,False,5,2,2011
2011-02-04,15,4,10654.45,False,20.69,3.4,0.0,0.0,0.0,0.0,0.0,133.1834194,7.771,B,123737,False,False,False,False,5,2,2011
2011-02-04,15,5,12809.35,False,20.69,3.4,0.0,0.0,0.0,0.0,0.0,133.1834194,7.771,B,123737,False,False,False,False,5,2,2011
2011-02-04,15,6,4549.2,False,20.69,3.4,0.0,0.0,0.0,0.0,0.0,133.1834194,7.771,B,123737,False,False,False,False,5,2,2011
2011-02-04,15,7,14604.41,False,20.69,3.4,0.0,0.0,0.0,0.0,0.0,133.1834194,7.771,B,123737,False,False,False,False,5,2,2011
2011-02-04,15,8,19563.5,False,20.69,3.4,0.0,0.0,0.0,0.0,0.0,133.1834194,7.771,B,123737,False,False,False,False,5,2,2011
2011-02-04,15,9,7574.21,False,20.69,3.4,0.0,0.0,0.0,0.0,0.0,133.1834194,7.771,B,123737,False,False,False,False,5,2,2011
2011-02-11,15,1,17831.96,True,21.64,3.416,0.0,0.0,0.0,0.0,0.0,133.260871,7.771,B,123737,True,False,False,False,6,2,2011
2011-02-11,15,2,24084.67,True,21.64,3.416,0.0,0.0,0.0,0.0,0.0,133.260871,7.771,B,123737,True,False,False,False,6,2,2011
2011-02-11,15,3,8759.89,True,21.64,3.416,0.0,0.0,0.0,0.0,0.0,133.260871,7.771,B,123737,True,False,False,False,6,2,2011
2011-02-11,15,4,11313.71,True,21.64,3.416,0.0,0.0,0.0,0.0,0.0,133.260871,7.771,B,123737,True,False,False,False,6,2,2011
2011-02-11,15,5,20319.22,True,21.64,3.416,0.0,0.0,0.0,0.0,0.0,133.260871,7.771,B,123737,True,False,False,False,6,2,2011
2011-02-11,15,6,3283.79,True,21.64,3.416,0.0,0.0,0.0,0.0,0.0,133.260871,7.771,B,123737,True,False,False,False,6,2,2011
2011-02-11,15,7,13679.86,True,21.64,3.416,0.0,0.0,0.0,0.0,0.0,133.260871,7.771,B,123737,True,False,False,False,6,2,2011
2011-02-11,15,8,20030.73,True,21.64,3.416,0.0,0.0,0.0,0.0,0.0,133.260871,7.771,B,123737,True,False,False,False,6,2,2011
2011-02-11,15,9,7142.64,True,21.64,3.416,0.0,0.0,0.0,0.0,0.0,133.260871,7.771,B,123737,True,False,False,False,6,2,2011
2011-02-18,15,1,25636.93,False,33.06,3.42,0.0,0.0,0.0,0.0,0.0,133.3701429,7.771,B,123737,False,False,False,False,7,2,2011
2011-02-18,15,2,26661.04,False,33.06,3.42,0.0,0.0,0.0,0.0,0.0,133.3701429,7.771,B,123737,False,False,False,False,7,2,2011
2011-02-18,15,3,8722.37,False,33.06,3.42,0.0,0.0,0.0,0.0,0.0,133.3701429,7.771,B,123737,False,False,False,False,7,2,2011
2011-02-18,15,4,12256.32,False,33.06,3.42,0.0,0.0,0.0,0.0,0.0,133.3701429,7.771,B,123737,False,False,False,False,7,2,2011
2011-02-18,15,5,21714.83,False,33.06,3.42,0.0,0.0,0.0,0.0,0.0,133.3701429,7.771,B,123737,False,False,False,False,7,2,2011
2011-02-18,15,6,5591.78,False,33.06,3.42,0.0,0.0,0.0,0.0,0.0,133.3701429,7.771,B,123737,False,False,False,False,7,2,2011
2011-02-18,15,7,15839.89,False,33.06,3.42,0.0,0.0,0.0,0.0,0.0,133.3701429,7.771,B,123737,False,False,False,False,7,2,2011
2011-02-18,15,8,20874.16,False,33.06,3.42,0.0,0.0,0.0,0.0,0.0,133.3701429,7.771,B,123737,False,False,False,False,7,2,2011
2011-02-18,15,9,7615.46,False,33.06,3.42,0.0,0.0,0.0,0.0,0.0,133.3701429,7.771,B,123737,False,False,False,False,7,2,2011
2011-02-25,15,1,9484.7,False,20.87,3.452,0.0,0.0,0.0,0.0,0.0,133.4921429,7.771,B,123737,False,False,False,False,8,2,2011
2011-02-25,15,2,24653.06,False,20.87,3.452,0.0,0.0,0.0,0.0,0.0,133.4921429,7.771,B,123737,False,False,False,False,8,2,2011
2011-02-25,15,3,7689.32,False,20.87,3.452,0.0,0.0,0.0,0.0,0.0,133.4921429,7.771,B,123737,False,False,False,False,8,2,2011
2011-02-25,15,4,11298.95,False,20.87,3.452,0.0,0.0,0.0,0.0,0.0,133.4921429,7.771,B,123737,False,False,False,False,8,2,2011
2011-02-25,15,5,18351.3,False,20.87,3.452,0.0,0.0,0.0,0.0,0.0,133.4921429,7.771,B,123737,False,False,False,False,8,2,2011
2011-02-25,15,6,3744.81,False,20.87,3.452,0.0,0.0,0.0,0.0,0.0,133.4921429,7.771,B,123737,False,False,False,False,8,2,2011
2011-02-25,15,7,14597.47,False,20.87,3.452,0.0,0.0,0.0,0.0,0.0,133.4921429,7.771,B,123737,False,False,False,False,8,2,2011
2011-02-25,15,8,19245.29,False,20.87,3.452,0.0,0.0,0.0,0.0,0.0,133.4921429,7.771,B,123737,False,False,False,False,8,2,2011
2011-02-25,15,9,6929.36,False,20.87,3.452,0.0,0.0,0.0,0.0,0.0,133.4921429,7.771,B,123737,False,False,False,False,8,2,2011
2011-03-04,15,1,12030.55,False,28.16,3.605,0.0,0.0,0.0,0.0,0.0,133.6141429,7.771,B,123737,False,False,False,False,9,3,2011
2011-03-04,15,2,27354.15,False,28.16,3.605,0.0,0.0,0.0,0.0,0.0,133.6141429,7.771,B,123737,False,False,False,False,9,3,2011
2011-03-04,15,3,8016.45,False,28.16,3.605,0.0,0.0,0.0,0.0,0.0,133.6141429,7.771,B,123737,False,False,False,False,9,3,2011
2011-03-04,15,4,12006.36,False,28.16,3.605,0.0,0.0,0.0,0.0,0.0,133.6141429,7.771,B,123737,False,False,False,False,9,3,2011
2011-03-04,15,5,16720.13,False,28.16,3.605,0.0,0.0,0.0,0.0,0.0,133.6141429,7.771,B,123737,False,False,False,False,9,3,2011
2011-03-04,15,6,2951.42,False,28.16,3.605,0.0,0.0,0.0,0.0,0.0,133.6141429,7.771,B,123737,False,False,False,False,9,3,2011
2011-03-04,15,7,14415.67,False,28.16,3.605,0.0,0.0,0.0,0.0,0.0,133.6141429,7.771,B,123737,False,False,False,False,9,3,2011
2011-03-04,15,8,21638.17,False,28.16,3.605,0.0,0.0,0.0,0.0,0.0,133.6141429,7.771,B,123737,False,False,False,False,9,3,2011
2011-03-04,15,9,8037.71,False,28.16,3.605,0.0,0.0,0.0,0.0,0.0,133.6141429,7.771,B,123737,False,False,False,False,9,3,2011
2011-03-11,15,1,11422.76,False,34.27,3.752,0.0,0.0,0.0,0.0,0.0,133.7361429,7.771,B,123737,False,False,False,False,10,3,2011
2011-03-11,15,2,23688.32,False,34.27,3.752,0.0,0.0,0.0,0.0,0.0,133.7361429,7.771,B,123737,False,False,False,False,10,3,2011
2011-03-11,15,3,7304.88,False,34.27,3.752,0.0,0.0,0.0,0.0,0.0,133.7361429,7.771,B,123737,False,False,False,False,10,3,2011
2011-03-11,15,4,10893.9,False,34.27,3.752,0.0,0.0,0.0,0.0,0.0,133.7361429,7.771,B,123737,False,False,False,False,10,3,2011
2011-03-11,15,5,19993.84,False,34.27,3.752,0.0,0.0,0.0,0.0,0.0,133.7361429,7.771,B,123737,False,False,False,False,10,3,2011
2011-03-11,15,6,3285.68,False,34.27,3.752,0.0,0.0,0.0,0.0,0.0,133.7361429,7.771,B,123737,False,False,False,False,10,3,2011
2011-03-11,15,7,13810.96,False,34.27,3.752,0.0,0.0,0.0,0.0,0.0,133.7361429,7.771,B,123737,False,False,False,False,10,3,2011
2011-03-11,15,8,18940.83,False,34.27,3.752,0.0,0.0,0.0,0.0,0.0,133.7361429,7.771,B,123737,False,False,False,False,10,3,2011
2011-03-11,15,9,7768.29,False,34.27,3.752,0.0,0.0,0.0,0.0,0.0,133.7361429,7.771,B,123737,False,False,False,False,10,3,2011
2011-03-18,15,1,11930.72,False,40.23,3.796,0.0,0.0,0.0,0.0,0.0,133.8492258,7.771,B,123737,False,False,False,False,11,3,2011
2011-03-18,15,2,24564.28,False,40.23,3.796,0.0,0.0,0.0,0.0,0.0,133.8492258,7.771,B,123737,False,False,False,False,11,3,2011
2011-03-18,15,3,7707.51,False,40.23,3.796,0.0,0.0,0.0,0.0,0.0,133.8492258,7.771,B,123737,False,False,False,False,11,3,2011
2011-03-18,15,4,11391.03,False,40.23,3.796,0.0,0.0,0.0,0.0,0.0,133.8492258,7.771,B,123737,False,False,False,False,11,3,2011
2011-03-18,15,5,15607.65,False,40.23,3.796,0.0,0.0,0.0,0.0,0.0,133.8492258,7.771,B,123737,False,False,False,False,11,3,2011
2011-03-18,15,6,3842.44,False,40.23,3.796,0.0,0.0,0.0,0.0,0.0,133.8492258,7.771,B,123737,False,False,False,False,11,3,2011
2011-03-18,15,7,15729.61,False,40.23,3.796,0.0,0.0,0.0,0.0,0.0,133.8492258,7.771,B,123737,False,False,False,False,11,3,2011
2011-03-18,15,8,18389.11,False,40.23,3.796,0.0,0.0,0.0,0.0,0.0,133.8492258,7.771,B,123737,False,False,False,False,11,3,2011
2011-03-18,15,9,10927.17,False,40.23,3.796,0.0,0.0,0.0,0.0,0.0,133.8492258,7.771,B,123737,False,False,False,False,11,3,2011
2011-03-25,15,1,11136.58,False,32.63,3.789,0.0,0.0,0.0,0.0,0.0,133.9587419,7.771,B,123737,False,False,False,False,12,3,2011
2011-03-25,15,2,24886.08,False,32.63,3.789,0.0,0.0,0.0,0.0,0.0,133.9587419,7.771,B,123737,False,False,False,False,12,3,2011
2011-03-25,15,3,7206.71,False,32.63,3.789,0.0,0.0,0.0,0.0,0.0,133.9587419,7.771,B,123737,False,False,False,False,12,3,2011
2011-03-25,15,4,11312.56,False,32.63,3.789,0.0,0.0,0.0,0.0,0.0,133.9587419,7.771,B,123737,False,False,False,False,12,3,2011
2011-03-25,15,5,10711.65,False,32.63,3.789,0.0,0.0,0.0,0.0,0.0,133.9587419,7.771,B,123737,False,False,False,False,12,3,2011
2011-03-25,15,6,2369.72,False,32.63,3.789,0.0,0.0,0.0,0.0,0.0,133.9587419,7.771,B,123737,False,False,False,False,12,3,2011
2011-03-25,15,7,16521.04,False,32.63,3.789,0.0,0.0,0.0,0.0,0.0,133.9587419,7.771,B,123737,False,False,False,False,12,3,2011
2011-03-25,15,8,20391.42,False,32.63,3.789,0.0,0.0,0.0,0.0,0.0,133.9587419,7.771,B,123737,False,False,False,False,12,3,2011
2011-03-25,15,9,11344.5,False,32.63,3.789,0.0,0.0,0.0,0.0,0.0,133.9587419,7.771,B,123737,False,False,False,False,12,3,2011
2011-04-01,15,1,12379.08,False,30.34,3.811,0.0,0.0,0.0,0.0,0.0,134.0682581,7.658,B,123737,False,False,False,False,13,4,2011
2011-04-01,15,2,24579.76,False,30.34,3.811,0.0,0.0,0.0,0.0,0.0,134.0682581,7.658,B,123737,False,False,False,False,13,4,2011
2011-04-01,15,3,7490.24,False,30.34,3.811,0.0,0.0,0.0,0.0,0.0,134.0682581,7.658,B,123737,False,False,False,False,13,4,2011
2011-04-01,15,4,11417.76,False,30.34,3.811,0.0,0.0,0.0,0.0,0.0,134.0682581,7.658,B,123737,False,False,False,False,13,4,2011
2011-04-01,15,5,16357.48,False,30.34,3.811,0.0,0.0,0.0,0.0,0.0,134.0682581,7.658,B,123737,False,False,False,False,13,4,2011
2011-04-01,15,6,3328.55,False,30.34,3.811,0.0,0.0,0.0,0.0,0.0,134.0682581,7.658,B,123737,False,False,False,False,13,4,2011
2011-04-01,15,7,13801.1,False,30.34,3.811,0.0,0.0,0.0,0.0,0.0,134.0682581,7.658,B,123737,False,False,False,False,13,4,2011
2011-04-01,15,8,19739.26,False,30.34,3.811,0.0,0.0,0.0,0.0,0.0,134.0682581,7.658,B,123737,False,False,False,False,13,4,2011
2011-04-01,15,9,13142.59,False,30.34,3.811,0.0,0.0,0.0,0.0,0.0,134.0682581,7.658,B,123737,False,False,False,False,13,4,2011
2011-04-08,15,1,15783.57,False,40.94,3.895,0.0,0.0,0.0,0.0,0.0,134.1777742,7.658,B,123737,False,False,False,False,14,4,2011
2011-04-08,15,2,27059.33,False,40.94,3.895,0.0,0.0,0.0,0.0,0.0,134.1777742,7.658,B,123737,False,False,False,False,14,4,2011
2011-04-08,15,3,7273.06,False,40.94,3.895,0.0,0.0,0.0,0.0,0.0,134.1777742,7.658,B,123737,False,False,False,False,14,4,2011
2011-04-08,15,4,12869.85,False,40.94,3.895,0.0,0.0,0.0,0.0,0.0,134.1777742,7.658,B,123737,False,False,False,False,14,4,2011
2011-04-08,15,5,16305.08,False,40.94,3.895,0.0,0.0,0.0,0.0,0.0,134.1777742,7.658,B,123737,False,False,False,False,14,4,2011
2011-04-08,15,6,2889.76,False,40.94,3.895,0.0,0.0,0.0,0.0,0.0,134.1777742,7.658,B,123737,False,False,False,False,14,4,2011
2011-04-08,15,7,17509.04,False,40.94,3.895,0.0,0.0,0.0,0.0,0.0,134.1777742,7.658,B,123737,False,False,False,False,14,4,2011
2011-04-08,15,8,20320.48,False,40.94,3.895,0.0,0.0,0.0,0.0,0.0,134.1777742,7.658,B,123737,False,False,False,False,14,4,2011
2011-04-08,15,9,14645.66,False,40.94,3.895,0.0,0.0,0.0,0.0,0.0,134.1777742,7.658,B,123737,False,False,False,False,14,4,2011
2011-04-15,15,1,22310.73,False,48.63,3.981,0.0,0.0,0.0,0.0,0.0,134.2784667,7.658,B,123737,False,False,False,False,15,4,2011
2011-04-15,15,2,25513.23,False,48.63,3.981,0.0,0.0,0.0,0.0,0.0,134.2784667,7.658,B,123737,False,False,False,False,15,4,2011
2011-04-15,15,3,7050.73,False,48.63,3.981,0.0,0.0,0.0,0.0,0.0,134.2784667,7.658,B,123737,False,False,False,False,15,4,2011
2011-04-15,15,4,12091.95,False,48.63,3.981,0.0,0.0,0.0,0.0,0.0,134.2784667,7.658,B,123737,False,False,False,False,15,4,2011
2011-04-15,15,5,16870.81,False,48.63,3.981,0.0,0.0,0.0,0.0,0.0,134.2784667,7.658,B,123737,False,False,False,False,15,4,2011
2011-04-15,15,6,3658.59,False,48.63,3.981,0.0,0.0,0.0,0.0,0.0,134.2784667,7.658,B,123737,False,False,False,False,15,4,2011
2011-04-15,15,7,21137.59,False,48.63,3.981,0.0,0.0,0.0,0.0,0.0,134.2784667,7.658,B,123737,False,False,False,False,15,4,2011
2011-04-15,15,8,19790.91,False,48.63,3.981,0.0,0.0,0.0,0.0,0.0,134.2784667,7.658,B,123737,False,False,False,False,15,4,2011
2011-04-15,15,9,16574.83,False,48.63,3.981,0.0,0.0,0.0,0.0,0.0,134.2784667,7.658,B,123737,False,False,False,False,15,4,2011
2011-04-22,15,1,45739.44,False,41.37,4.061,0.0,0.0,0.0,0.0,0.0,134.3571,7.658,B,123737,False,False,False,False,16,4,2011
2011-04-22,15,2,27927.79,False,41.37,4.061,0.0,0.0,0.0,0.0,0.0,134.3571,7.658,B,123737,False,False,False,False,16,4,2011
2011-04-22,15,3,7813.48,False,41.37,4.061,0.0,0.0,0.0,0.0,0.0,134.3571,7.658,B,123737,False,False,False,False,16,4,2011
2011-04-22,15,4,12379.27,False,41.37,4.061,0.0,0.0,0.0,0.0,0.0,134.3571,7.658,B,123737,False,False,False,False,16,4,2011
2011-04-22,15,5,25726.5,False,41.37,4.061,0.0,0.0,0.0,0.0,0.0,134.3571,7.658,B,123737,False,False,False,False,16,4,2011
2011-04-22,15,6,4171.96,False,41.37,4.061,0.0,0.0,0.0,0.0,0.0,134.3571,7.658,B,123737,False,False,False,False,16,4,2011
2011-04-22,15,7,27715.64,False,41.37,4.061,0.0,0.0,0.0,0.0,0.0,134.3571,7.658,B,123737,False,False,False,False,16,4,2011
2011-04-22,15,8,20493.55,False,41.37,4.061,0.0,0.0,0.0,0.0,0.0,134.3571,7.658,B,123737,False,False,False,False,16,4,2011
2011-04-22,15,9,15622.43,False,41.37,4.061,0.0,0.0,0.0,0.0,0.0,134.3571,7.658,B,123737,False,False,False,False,16,4,2011
2011-04-29,15,1,24599.3,False,55.46,4.117,0.0,0.0,0.0,0.0,0.0,134.4357333,7.658,B,123737,False,False,False,False,17,4,2011
2011-04-29,15,2,23404.72,False,55.46,4.117,0.0,0.0,0.0,0.0,0.0,134.4357333,7.658,B,123737,False,False,False,False,17,4,2011
2011-04-29,15,3,6573.64,False,55.46,4.117,0.0,0.0,0.0,0.0,0.0,134.4357333,7.658,B,123737,False,False,False,False,17,4,2011
2011-04-29,15,4,10782.77,False,55.46,4.117,0.0,0.0,0.0,0.0,0.0,134.4357333,7.658,B,123737,False,False,False,False,17,4,2011
2011-04-29,15,5,14232.56,False,55.46,4.117,0.0,0.0,0.0,0.0,0.0,134.4357333,7.658,B,123737,False,False,False,False,17,4,2011
2011-04-29,15,6,3202.46,False,55.46,4.117,0.0,0.0,0.0,0.0,0.0,134.4357333,7.658,B,123737,False,False,False,False,17,4,2011
2011-04-29,15,7,21118.58,False,55.46,4.117,0.0,0.0,0.0,0.0,0.0,134.4357333,7.658,B,123737,False,False,False,False,17,4,2011
2011-04-29,15,8,18044.37,False,55.46,4.117,0.0,0.0,0.0,0.0,0.0,134.4357333,7.658,B,123737,False,False,False,False,17,4,2011
2011-04-29,15,9,15190.34,False,55.46,4.117,0.0,0.0,0.0,0.0,0.0,134.4357333,7.658,B,123737,False,False,False,False,17,4,2011
2011-05-06,15,1,11099.46,False,49.87,4.192,0.0,0.0,0.0,0.0,0.0,134.5143667,7.658,B,123737,False,False,False,False,18,5,2011
2011-05-06,15,2,26088.3,False,49.87,4.192,0.0,0.0,0.0,0.0,0.0,134.5143667,7.658,B,123737,False,False,False,False,18,5,2011
2011-05-06,15,3,7378.8,False,49.87,4.192,0.0,0.0,0.0,0.0,0.0,134.5143667,7.658,B,123737,False,False,False,False,18,5,2011
2011-05-06,15,4,12162.16,False,49.87,4.192,0.0,0.0,0.0,0.0,0.0,134.5143667,7.658,B,123737,False,False,False,False,18,5,2011
2011-05-06,15,5,11138.39,False,49.87,4.192,0.0,0.0,0.0,0.0,0.0,134.5143667,7.658,B,123737,False,False,False,False,18,5,2011
2011-05-06,15,6,4185.74,False,49.87,4.192,0.0,0.0,0.0,0.0,0.0,134.5143667,7.658,B,123737,False,False,False,False,18,5,2011
2011-05-06,15,7,18208.47,False,49.87,4.192,0.0,0.0,0.0,0.0,0.0,134.5143667,7.658,B,123737,False,False,False,False,18,5,2011
2011-05-06,15,8,20673.91,False,49.87,4.192,0.0,0.0,0.0,0.0,0.0,134.5143667,7.658,B,123737,False,False,False,False,18,5,2011
2011-05-06,15,9,14174.29,False,49.87,4.192,0.0,0.0,0.0,0.0,0.0,134.5143667,7.658,B,123737,False,False,False,False,18,5,2011
2011-05-13,15,1,10309.31,False,57.07,4.211,0.0,0.0,0.0,0.0,0.0,134.593,7.658,B,123737,False,False,False,False,19,5,2011
2011-05-13,15,2,25969.92,False,57.07,4.211,0.0,0.0,0.0,0.0,0.0,134.593,7.658,B,123737,False,False,False,False,19,5,2011
2011-05-13,15,3,5623.79,False,57.07,4.211,0.0,0.0,0.0,0.0,0.0,134.593,7.658,B,123737,False,False,False,False,19,5,2011
2011-05-13,15,4,12230.83,False,57.07,4.211,0.0,0.0,0.0,0.0,0.0,134.593,7.658,B,123737,False,False,False,False,19,5,2011
2011-05-13,15,5,8647.83,False,57.07,4.211,0.0,0.0,0.0,0.0,0.0,134.593,7.658,B,123737,False,False,False,False,19,5,2011
2011-05-13,15,6,4573.67,False,57.07,4.211,0.0,0.0,0.0,0.0,0.0,134.593,7.658,B,123737,False,False,False,False,19,5,2011
2011-05-13,15,7,21118.54,False,57.07,4.211,0.0,0.0,0.0,0.0,0.0,134.593,7.658,B,123737,False,False,False,False,19,5,2011
2011-05-13,15,8,18201.27,False,57.07,4.211,0.0,0.0,0.0,0.0,0.0,134.593,7.658,B,123737,False,False,False,False,19,5,2011
2011-05-13,15,9,19946.02,False,57.07,4.211,0.0,0.0,0.0,0.0,0.0,134.593,7.658,B,123737,False,False,False,False,19,5,2011
2011-05-20,15,1,10332.89,False,57.19,4.202,0.0,0.0,0.0,0.0,0.0,134.6803871,7.658,B,123737,False,False,False,False,20,5,2011
2011-05-20,15,2,26559.38,False,57.19,4.202,0.0,0.0,0.0,0.0,0.0,134.6803871,7.658,B,123737,False,False,False,False,20,5,2011
2011-05-20,15,3,6747.66,False,57.19,4.202,0.0,0.0,0.0,0.0,0.0,134.6803871,7.658,B,123737,False,False,False,False,20,5,2011
2011-05-20,15,4,12615.25,False,57.19,4.202,0.0,0.0,0.0,0.0,0.0,134.6803871,7.658,B,123737,False,False,False,False,20,5,2011
2011-05-20,15,5,9619.31,False,57.19,4.202,0.0,0.0,0.0,0.0,0.0,134.6803871,7.658,B,123737,False,False,False,False,20,5,2011
2011-05-20,15,6,3540.03,False,57.19,4.202,0.0,0.0,0.0,0.0,0.0,134.6803871,7.658,B,123737,False,False,False,False,20,5,2011
2011-05-20,15,7,17823.22,False,57.19,4.202,0.0,0.0,0.0,0.0,0.0,134.6803871,7.658,B,123737,False,False,False,False,20,5,2011
2011-05-20,15,8,20454.05,False,57.19,4.202,0.0,0.0,0.0,0.0,0.0,134.6803871,7.658,B,123737,False,False,False,False,20,5,2011
2011-05-20,15,9,15801.76,False,57.19,4.202,0.0,0.0,0.0,0.0,0.0,134.6803871,7.658,B,123737,False,False,False,False,20,5,2011
2011-05-27,15,1,10821.51,False,65.87,4.134,0.0,0.0,0.0,0.0,0.0,134.7677742,7.658,B,123737,False,False,False,False,21,5,2011
2011-05-27,15,2,27024.14,False,65.87,4.134,0.0,0.0,0.0,0.0,0.0,134.7677742,7.658,B,123737,False,False,False,False,21,5,2011
2011-05-27,15,3,6785.41,False,65.87,4.134,0.0,0.0,0.0,0.0,0.0,134.7677742,7.658,B,123737,False,False,False,False,21,5,2011
2011-05-27,15,4,13232.18,False,65.87,4.134,0.0,0.0,0.0,0.0,0.0,134.7677742,7.658,B,123737,False,False,False,False,21,5,2011
2011-05-27,15,5,8508.68,False,65.87,4.134,0.0,0.0,0.0,0.0,0.0,134.7677742,7.658,B,123737,False,False,False,False,21,5,2011
2011-05-27,15,6,3195.97,False,65.87,4.134,0.0,0.0,0.0,0.0,0.0,134.7677742,7.658,B,123737,False,False,False,False,21,5,2011
2011-05-27,15,7,22302.48,False,65.87,4.134,0.0,0.0,0.0,0.0,0.0,134.7677742,7.658,B,123737,False,False,False,False,21,5,2011
2011-05-27,15,8,20817.52,False,65.87,4.134,0.0,0.0,0.0,0.0,0.0,134.7677742,7.658,B,123737,False,False,False,False,21,5,2011
2011-05-27,15,9,23342.81,False,65.87,4.134,0.0,0.0,0.0,0.0,0.0,134.7677742,7.658,B,123737,False,False,False,False,21,5,2011
2011-06-03,15,1,10260.66,False,69.8,4.069,0.0,0.0,0.0,0.0,0.0,134.8551613,7.658,B,123737,False,False,False,False,22,6,2011
2011-06-03,15,2,25927.22,False,69.8,4.069,0.0,0.0,0.0,0.0,0.0,134.8551613,7.658,B,123737,False,False,False,False,22,6,2011
2011-06-03,15,3,6827.56,False,69.8,4.069,0.0,0.0,0.0,0.0,0.0,134.8551613,7.658,B,123737,False,False,False,False,22,6,2011
2011-06-03,15,4,14487.91,False,69.8,4.069,0.0,0.0,0.0,0.0,0.0,134.8551613,7.658,B,123737,False,False,False,False,22,6,2011
2011-06-03,15,5,9960.1,False,69.8,4.069,0.0,0.0,0.0,0.0,0.0,134.8551613,7.658,B,123737,False,False,False,False,22,6,2011
2011-06-03,15,6,5326.69,False,69.8,4.069,0.0,0.0,0.0,0.0,0.0,134.8551613,7.658,B,123737,False,False,False,False,22,6,2011
2011-06-03,15,7,28292.13,False,69.8,4.069,0.0,0.0,0.0,0.0,0.0,134.8551613,7.658,B,123737,False,False,False,False,22,6,2011
2011-06-03,15,8,21219.43,False,69.8,4.069,0.0,0.0,0.0,0.0,0.0,134.8551613,7.658,B,123737,False,False,False,False,22,6,2011
2011-06-03,15,9,22863.56,False,69.8,4.069,0.0,0.0,0.0,0.0,0.0,134.8551613,7.658,B,123737,False,False,False,False,22,6,2011
2011-06-10,15,1,10840.83,False,69.86,4.025,0.0,0.0,0.0,0.0,0.0,134.9425484,7.658,B,123737,False,False,False,False,23,6,2011
2011-06-10,15,2,26067.26,False,69.86,4.025,0.0,0.0,0.0,0.0,0.0,134.9425484,7.658,B,123737,False,False,False,False,23,6,2011
2011-06-10,15,3,6086.69,False,69.86,4.025,0.0,0.0,0.0,0.0,0.0,134.9425484,7.658,B,123737,False,False,False,False,23,6,2011
2011-06-10,15,4,12943.94,False,69.86,4.025,0.0,0.0,0.0,0.0,0.0,134.9425484,7.658,B,123737,False,False,False,False,23,6,2011
2011-06-10,15,5,12664.64,False,69.86,4.025,0.0,0.0,0.0,0.0,0.0,134.9425484,7.658,B,123737,False,False,False,False,23,6,2011
2011-06-10,15,6,4606.47,False,69.86,4.025,0.0,0.0,0.0,0.0,0.0,134.9425484,7.658,B,123737,False,False,False,False,23,6,2011
2011-06-10,15,7,24680.96,False,69.86,4.025,0.0,0.0,0.0,0.0,0.0,134.9425484,7.658,B,123737,False,False,False,False,23,6,2011
2011-06-10,15,8,20299.23,False,69.86,4.025,0.0,0.0,0.0,0.0,0.0,134.9425484,7.658,B,123737,False,False,False,False,23,6,2011
2011-06-10,15,9,20550.62,False,69.86,4.025,0.0,0.0,0.0,0.0,0.0,134.9425484,7.658,B,123737,False,False,False,False,23,6,2011
2011-06-17,15,1,11467.15,False,63.9,3.989,0.0,0.0,0.0,0.0,0.0,135.0837333,7.658,B,123737,False,False,False,False,24,6,2011
2011-06-17,15,2,27614.88,False,63.9,3.989,0.0,0.0,0.0,0.0,0.0,135.0837333,7.658,B,123737,False,False,False,False,24,6,2011
2011-06-17,15,3,6765.83,False,63.9,3.989,0.0,0.0,0.0,0.0,0.0,135.0837333,7.658,B,123737,False,False,False,False,24,6,2011
2011-06-17,15,4,13234.6,False,63.9,3.989,0.0,0.0,0.0,0.0,0.0,135.0837333,7.658,B,123737,False,False,False,False,24,6,2011
2011-06-17,15,5,12215.86,False,63.9,3.989,0.0,0.0,0.0,0.0,0.0,135.0837333,7.658,B,123737,False,False,False,False,24,6,2011
2011-06-17,15,6,5317.12,False,63.9,3.989,0.0,0.0,0.0,0.0,0.0,135.0837333,7.658,B,123737,False,False,False,False,24,6,2011
2011-06-17,15,7,21570.35,False,63.9,3.989,0.0,0.0,0.0,0.0,0.0,135.0837333,7.658,B,123737,False,False,False,False,24,6,2011
2011-06-17,15,8,21873.46,False,63.9,3.989,0.0,0.0,0.0,0.0,0.0,135.0837333,7.658,B,123737,False,False,False,False,24,6,2011
2011-06-17,15,9,21163.17,False,63.9,3.989,0.0,0.0,0.0,0.0,0.0,135.0837333,7.658,B,123737,False,False,False,False,24,6,2011
2011-06-24,15,1,11377.65,False,69.96,3.964,0.0,0.0,0.0,0.0,0.0,135.2652667,7.658,B,123737,False,False,False,False,25,6,2011
2011-06-24,15,2,28301.57,False,69.96,3.964,0.0,0.0,0.0,0.0,0.0,135.2652667,7.658,B,123737,False,False,False,False,25,6,2011
2011-06-24,15,3,6892.21,False,69.96,3.964,0.0,0.0,0.0,0.0,0.0,135.2652667,7.658,B,123737,False,False,False,False,25,6,2011
2011-06-24,15,4,13807.29,False,69.96,3.964,0.0,0.0,0.0,0.0,0.0,135.2652667,7.658,B,123737,False,False,False,False,25,6,2011
2011-06-24,15,5,11876.45,False,69.96,3.964,0.0,0.0,0.0,0.0,0.0,135.2652667,7.658,B,123737,False,False,False,False,25,6,2011
2011-06-24,15,6,5504.91,False,69.96,3.964,0.0,0.0,0.0,0.0,0.0,135.2652667,7.658,B,123737,False,False,False,False,25,6,2011
2011-06-24,15,7,27340.31,False,69.96,3.964,0.0,0.0,0.0,0.0,0.0,135.2652667,7.658,B,123737,False,False,False,False,25,6,2011
2011-06-24,15,8,20474.68,False,69.96,3.964,0.0,0.0,0.0,0.0,0.0,135.2652667,7.658,B,123737,False,False,False,False,25,6,2011
2011-06-24,15,9,30391.08,False,69.96,3.964,0.0,0.0,0.0,0.0,0.0,135.2652667,7.658,B,123737,False,False,False,False,25,6,2011
2011-07-01,15,1,12439.74,False,67.43,3.916,0.0,0.0,0.0,0.0,0.0,135.4468,7.806,B,123737,False,False,False,False,26,7,2011
2011-07-01,15,2,29824.39,False,67.43,3.916,0.0,0.0,0.0,0.0,0.0,135.4468,7.806,B,123737,False,False,False,False,26,7,2011
2011-07-01,15,3,7234.16,False,67.43,3.916,0.0,0.0,0.0,0.0,0.0,135.4468,7.806,B,123737,False,False,False,False,26,7,2011
2011-07-01,15,4,15168.19,False,67.43,3.916,0.0,0.0,0.0,0.0,0.0,135.4468,7.806,B,123737,False,False,False,False,26,7,2011
2011-07-01,15,5,11893.0,False,67.43,3.916,0.0,0.0,0.0,0.0,0.0,135.4468,7.806,B,123737,False,False,False,False,26,7,2011
2011-07-01,15,6,5348.78,False,67.43,3.916,0.0,0.0,0.0,0.0,0.0,135.4468,7.806,B,123737,False,False,False,False,26,7,2011
2011-07-01,15,7,25632.37,False,67.43,3.916,0.0,0.0,0.0,0.0,0.0,135.4468,7.806,B,123737,False,False,False,False,26,7,2011
2011-07-01,15,8,21871.98,False,67.43,3.916,0.0,0.0,0.0,0.0,0.0,135.4468,7.806,B,123737,False,False,False,False,26,7,2011
2011-07-01,15,9,30887.02,False,67.43,3.916,0.0,0.0,0.0,0.0,0.0,135.4468,7.806,B,123737,False,False,False,False,26,7,2011
2011-07-08,15,1,10618.39,False,73.47,3.886,0.0,0.0,0.0,0.0,0.0,135.6283333,7.806,B,123737,False,False,False,False,27,7,2011
2011-07-08,15,2,27138.25,False,73.47,3.886,0.0,0.0,0.0,0.0,0.0,135.6283333,7.806,B,123737,False,False,False,False,27,7,2011
2011-07-08,15,3,6370.31,False,73.47,3.886,0.0,0.0,0.0,0.0,0.0,135.6283333,7.806,B,123737,False,False,False,False,27,7,2011
2011-07-08,15,4,14873.35,False,73.47,3.886,0.0,0.0,0.0,0.0,0.0,135.6283333,7.806,B,123737,False,False,False,False,27,7,2011
2011-07-08,15,5,8258.75,False,73.47,3.886,0.0,0.0,0.0,0.0,0.0,135.6283333,7.806,B,123737,False,False,False,False,27,7,2011
2011-07-08,15,6,3082.09,False,73.47,3.886,0.0,0.0,0.0,0.0,0.0,135.6283333,7.806,B,123737,False,False,False,False,27,7,2011
2011-07-08,15,7,29158.59,False,73.47,3.886,0.0,0.0,0.0,0.0,0.0,135.6283333,7.806,B,123737,False,False,False,False,27,7,2011
2011-07-08,15,8,19674.67,False,73.47,3.886,0.0,0.0,0.0,0.0,0.0,135.6283333,7.806,B,123737,False,False,False,False,27,7,2011
2011-07-08,15,9,29745.47,False,73.47,3.886,0.0,0.0,0.0,0.0,0.0,135.6283333,7.806,B,123737,False,False,False,False,27,7,2011
2011-07-15,15,1,10750.73,False,73.34,3.915,0.0,0.0,0.0,0.0,0.0,135.7837419,7.806,B,123737,False,False,False,False,28,7,2011
2011-07-15,15,2,29034.21,False,73.34,3.915,0.0,0.0,0.0,0.0,0.0,135.7837419,7.806,B,123737,False,False,False,False,28,7,2011
2011-07-15,15,3,6549.06,False,73.34,3.915,0.0,0.0,0.0,0.0,0.0,135.7837419,7.806,B,123737,False,False,False,False,28,7,2011
2011-07-15,15,4,13843.49,False,73.34,3.915,0.0,0.0,0.0,0.0,0.0,135.7837419,7.806,B,123737,False,False,False,False,28,7,2011
2011-07-15,15,5,10408.55,False,73.34,3.915,0.0,0.0,0.0,0.0,0.0,135.7837419,7.806,B,123737,False,False,False,False,28,7,2011
2011-07-15,15,6,4954.75,False,73.34,3.915,0.0,0.0,0.0,0.0,0.0,135.7837419,7.806,B,123737,False,False,False,False,28,7,2011
2011-07-15,15,7,22855.52,False,73.34,3.915,0.0,0.0,0.0,0.0,0.0,135.7837419,7.806,B,123737,False,False,False,False,28,7,2011
2011-07-15,15,8,20898.02,False,73.34,3.915,0.0,0.0,0.0,0.0,0.0,135.7837419,7.806,B,123737,False,False,False,False,28,7,2011
2011-07-15,15,9,23459.38,False,73.34,3.915,0.0,0.0,0.0,0.0,0.0,135.7837419,7.806,B,123737,False,False,False,False,28,7,2011
2011-07-22,15,1,10034.66,False,79.97,3.972,0.0,0.0,0.0,0.0,0.0,135.8738387,7.806,B,123737,False,False,False,False,29,7,2011
2011-07-22,15,2,28070.64,False,79.97,3.972,0.0,0.0,0.0,0.0,0.0,135.8738387,7.806,B,123737,False,False,False,False,29,7,2011
2011-07-22,15,3,8914.62,False,79.97,3.972,0.0,0.0,0.0,0.0,0.0,135.8738387,7.806,B,123737,False,False,False,False,29,7,2011
2011-07-22,15,4,13990.06,False,79.97,3.972,0.0,0.0,0.0,0.0,0.0,135.8738387,7.806,B,123737,False,False,False,False,29,7,2011
2011-07-22,15,5,11002.72,False,79.97,3.972,0.0,0.0,0.0,0.0,0.0,135.8738387,7.806,B,123737,False,False,False,False,29,7,2011
2011-07-22,15,6,4500.87,False,79.97,3.972,0.0,0.0,0.0,0.0,0.0,135.8738387,7.806,B,123737,False,False,False,False,29,7,2011
2011-07-22,15,7,18571.74,False,79.97,3.972,0.0,0.0,0.0,0.0,0.0,135.8738387,7.806,B,123737,False,False,False,False,29,7,2011
2011-07-22,15,8,18810.28,False,79.97,3.972,0.0,0.0,0.0,0.0,0.0,135.8738387,7.806,B,123737,False,False,False,False,29,7,2011
2011-07-22,15,9,23791.49,False,79.97,3.972,0.0,0.0,0.0,0.0,0.0,135.8738387,7.806,B,123737,False,False,False,False,29,7,2011
2011-07-29,15,1,11065.86,False,74.67,4.004,0.0,0.0,0.0,0.0,0.0,135.9639355,7.806,B,123737,False,False,False,False,30,7,2011
2011-07-29,15,2,29575.36,False,74.67,4.004,0.0,0.0,0.0,0.0,0.0,135.9639355,7.806,B,123737,False,False,False,False,30,7,2011
2011-07-29,15,3,12456.02,False,74.67,4.004,0.0,0.0,0.0,0.0,0.0,135.9639355,7.806,B,123737,False,False,False,False,30,7,2011
2011-07-29,15,4,13722.86,False,74.67,4.004,0.0,0.0,0.0,0.0,0.0,135.9639355,7.806,B,123737,False,False,False,False,30,7,2011
2011-07-29,15,5,10599.88,False,74.67,4.004,0.0,0.0,0.0,0.0,0.0,135.9639355,7.806,B,123737,False,False,False,False,30,7,2011
2011-07-29,15,6,4231.9,False,74.67,4.004,0.0,0.0,0.0,0.0,0.0,135.9639355,7.806,B,123737,False,False,False,False,30,7,2011
2011-07-29,15,7,17798.08,False,74.67,4.004,0.0,0.0,0.0,0.0,0.0,135.9639355,7.806,B,123737,False,False,False,False,30,7,2011
2011-07-29,15,8,19618.68,False,74.67,4.004,0.0,0.0,0.0,0.0,0.0,135.9639355,7.806,B,123737,False,False,False,False,30,7,2011
2011-07-29,15,9,20272.01,False,74.67,4.004,0.0,0.0,0.0,0.0,0.0,135.9639355,7.806,B,123737,False,False,False,False,30,7,2011
2011-08-05,15,1,11228.65,False,73.63,4.02,0.0,0.0,0.0,0.0,0.0,136.0540323,7.806,B,123737,False,False,False,False,31,8,2011
2011-08-05,15,2,30251.45,False,73.63,4.02,0.0,0.0,0.0,0.0,0.0,136.0540323,7.806,B,123737,False,False,False,False,31,8,2011
2011-08-05,15,3,19031.13,False,73.63,4.02,0.0,0.0,0.0,0.0,0.0,136.0540323,7.806,B,123737,False,False,False,False,31,8,2011
2011-08-05,15,4,15265.57,False,73.63,4.02,0.0,0.0,0.0,0.0,0.0,136.0540323,7.806,B,123737,False,False,False,False,31,8,2011
2011-08-05,15,5,9843.86,False,73.63,4.02,0.0,0.0,0.0,0.0,0.0,136.0540323,7.806,B,123737,False,False,False,False,31,8,2011
2011-08-05,15,6,3306.52,False,73.63,4.02,0.0,0.0,0.0,0.0,0.0,136.0540323,7.806,B,123737,False,False,False,False,31,8,2011
2011-08-05,15,7,14539.09,False,73.63,4.02,0.0,0.0,0.0,0.0,0.0,136.0540323,7.806,B,123737,False,False,False,False,31,8,2011
2011-08-05,15,8,19634.58,False,73.63,4.02,0.0,0.0,0.0,0.0,0.0,136.0540323,7.806,B,123737,False,False,False,False,31,8,2011
2011-08-05,15,9,20461.65,False,73.63,4.02,0.0,0.0,0.0,0.0,0.0,136.0540323,7.806,B,123737,False,False,False,False,31,8,2011
2011-08-12,15,1,10702.68,False,70.63,3.995,0.0,0.0,0.0,0.0,0.0,136.144129,7.806,B,123737,False,False,False,False,32,8,2011
2011-08-12,15,2,30242.33,False,70.63,3.995,0.0,0.0,0.0,0.0,0.0,136.144129,7.806,B,123737,False,False,False,False,32,8,2011
2011-08-12,15,3,20844.94,False,70.63,3.995,0.0,0.0,0.0,0.0,0.0,136.144129,7.806,B,123737,False,False,False,False,32,8,2011
2011-08-12,15,4,14336.12,False,70.63,3.995,0.0,0.0,0.0,0.0,0.0,136.144129,7.806,B,123737,False,False,False,False,32,8,2011
2011-08-12,15,5,10783.19,False,70.63,3.995,0.0,0.0,0.0,0.0,0.0,136.144129,7.806,B,123737,False,False,False,False,32,8,2011
2011-08-12,15,6,3899.37,False,70.63,3.995,0.0,0.0,0.0,0.0,0.0,136.144129,7.806,B,123737,False,False,False,False,32,8,2011
2011-08-12,15,7,15239.8,False,70.63,3.995,0.0,0.0,0.0,0.0,0.0,136.144129,7.806,B,123737,False,False,False,False,32,8,2011
2011-08-12,15,8,20031.15,False,70.63,3.995,0.0,0.0,0.0,0.0,0.0,136.144129,7.806,B,123737,False,False,False,False,32,8,2011
2011-08-12,15,9,18016.72,False,70.63,3.995,0.0,0.0,0.0,0.0,0.0,136.144129,7.806,B,123737,False,False,False,False,32,8,2011
2011-08-19,15,1,10601.67,False,70.41,3.942,0.0,0.0,0.0,0.0,0.0,136.183129,7.806,B,123737,False,False,False,False,33,8,2011
2011-08-19,15,2,30282.73,False,70.41,3.942,0.0,0.0,0.0,0.0,0.0,136.183129,7.806,B,123737,False,False,False,False,33,8,2011
2011-08-19,15,3,25363.06,False,70.41,3.942,0.0,0.0,0.0,0.0,0.0,136.183129,7.806,B,123737,False,False,False,False,33,8,2011
2011-08-19,15,4,15562.91,False,70.41,3.942,0.0,0.0,0.0,0.0,0.0,136.183129,7.806,B,123737,False,False,False,False,33,8,2011
2011-08-19,15,5,10795.01,False,70.41,3.942,0.0,0.0,0.0,0.0,0.0,136.183129,7.806,B,123737,False,False,False,False,33,8,2011
2011-08-19,15,6,3295.67,False,70.41,3.942,0.0,0.0,0.0,0.0,0.0,136.183129,7.806,B,123737,False,False,False,False,33,8,2011
2011-08-19,15,7,14128.83,False,70.41,3.942,0.0,0.0,0.0,0.0,0.0,136.183129,7.806,B,123737,False,False,False,False,33,8,2011
2011-08-19,15,8,19843.31,False,70.41,3.942,0.0,0.0,0.0,0.0,0.0,136.183129,7.806,B,123737,False,False,False,False,33,8,2011
2011-08-19,15,9,22775.15,False,70.41,3.942,0.0,0.0,0.0,0.0,0.0,136.183129,7.806,B,123737,False,False,False,False,33,8,2011
2011-08-26,15,1,10859.94,False,69.19,3.906,0.0,0.0,0.0,0.0,0.0,136.2136129,7.806,B,123737,False,False,False,False,34,8,2011
2011-08-26,15,2,29644.12,False,69.19,3.906,0.0,0.0,0.0,0.0,0.0,136.2136129,7.806,B,123737,False,False,False,False,34,8,2011
2011-08-26,15,3,31093.48,False,69.19,3.906,0.0,0.0,0.0,0.0,0.0,136.2136129,7.806,B,123737,False,False,False,False,34,8,2011
2011-08-26,15,4,15929.95,False,69.19,3.906,0.0,0.0,0.0,0.0,0.0,136.2136129,7.806,B,123737,False,False,False,False,34,8,2011
2011-08-26,15,5,9053.09,False,69.19,3.906,0.0,0.0,0.0,0.0,0.0,136.2136129,7.806,B,123737,False,False,False,False,34,8,2011
2011-08-26,15,6,2847.3,False,69.19,3.906,0.0,0.0,0.0,0.0,0.0,136.2136129,7.806,B,123737,False,False,False,False,34,8,2011
2011-08-26,15,7,15979.81,False,69.19,3.906,0.0,0.0,0.0,0.0,0.0,136.2136129,7.806,B,123737,False,False,False,False,34,8,2011
2011-08-26,15,8,20671.4,False,69.19,3.906,0.0,0.0,0.0,0.0,0.0,136.2136129,7.806,B,123737,False,False,False,False,34,8,2011
2011-08-26,15,9,18627.19,False,69.19,3.906,0.0,0.0,0.0,0.0,0.0,136.2136129,7.806,B,123737,False,False,False,False,34,8,2011
2011-09-02,15,1,10468.74,False,67.63,3.879,0.0,0.0,0.0,0.0,0.0,136.2440968,7.806,B,123737,False,False,False,False,35,9,2011
2011-09-02,15,2,31056.59,False,67.63,3.879,0.0,0.0,0.0,0.0,0.0,136.2440968,7.806,B,123737,False,False,False,False,35,9,2011
2011-09-02,15,3,39195.6,False,67.63,3.879,0.0,0.0,0.0,0.0,0.0,136.2440968,7.806,B,123737,False,False,False,False,35,9,2011
2011-09-02,15,4,16357.59,False,67.63,3.879,0.0,0.0,0.0,0.0,0.0,136.2440968,7.806,B,123737,False,False,False,False,35,9,2011
2011-09-02,15,5,8902.7,False,67.63,3.879,0.0,0.0,0.0,0.0,0.0,136.2440968,7.806,B,123737,False,False,False,False,35,9,2011
2011-09-02,15,6,2694.79,False,67.63,3.879,0.0,0.0,0.0,0.0,0.0,136.2440968,7.806,B,123737,False,False,False,False,35,9,2011
2011-09-02,15,7,15751.51,False,67.63,3.879,0.0,0.0,0.0,0.0,0.0,136.2440968,7.806,B,123737,False,False,False,False,35,9,2011
2011-09-02,15,8,19924.71,False,67.63,3.879,0.0,0.0,0.0,0.0,0.0,136.2440968,7.806,B,123737,False,False,False,False,35,9,2011
2011-09-02,15,9,18046.35,False,67.63,3.879,0.0,0.0,0.0,0.0,0.0,136.2440968,7.806,B,123737,False,False,False,False,35,9,2011
2011-09-09,15,1,10815.13,True,67.59,3.93,0.0,0.0,0.0,0.0,0.0,136.2745806,7.806,B,123737,False,True,False,False,36,9,2011
2011-09-09,15,2,27925.7,True,67.59,3.93,0.0,0.0,0.0,0.0,0.0,136.2745806,7.806,B,123737,False,True,False,False,36,9,2011
2011-09-09,15,3,28247.21,True,67.59,3.93,0.0,0.0,0.0,0.0,0.0,136.2745806,7.806,B,123737,False,True,False,False,36,9,2011
2011-09-09,15,4,15155.41,True,67.59,3.93,0.0,0.0,0.0,0.0,0.0,136.2745806,7.806,B,123737,False,True,False,False,36,9,2011
2011-09-09,15,5,12084.53,True,67.59,3.93,0.0,0.0,0.0,0.0,0.0,136.2745806,7.806,B,123737,False,True,False,False,36,9,2011
2011-09-09,15,6,3304.83,True,67.59,3.93,0.0,0.0,0.0,0.0,0.0,136.2745806,7.806,B,123737,False,True,False,False,36,9,2011
2011-09-09,15,7,13102.48,True,67.59,3.93,0.0,0.0,0.0,0.0,0.0,136.2745806,7.806,B,123737,False,True,False,False,36,9,2011
2011-09-09,15,8,20426.88,True,67.59,3.93,0.0,0.0,0.0,0.0,0.0,136.2745806,7.806,B,123737,False,True,False,False,36,9,2011
2011-09-09,15,9,17157.93,True,67.59,3.93,0.0,0.0,0.0,0.0,0.0,136.2745806,7.806,B,123737,False,True,False,False,36,9,2011
2011-09-16,15,1,10932.27,False,62.1,3.937,0.0,0.0,0.0,0.0,0.0,136.3145,7.806,B,123737,False,False,False,False,37,9,2011
2011-09-16,15,2,23164.8,False,62.1,3.937,0.0,0.0,0.0,0.0,0.0,136.3145,7.806,B,123737,False,False,False,False,37,9,2011
2011-09-16,15,3,12197.71,False,62.1,3.937,0.0,0.0,0.0,0.0,0.0,136.3145,7.806,B,123737,False,False,False,False,37,9,2011
2011-09-16,15,4,13102.22,False,62.1,3.937,0.0,0.0,0.0,0.0,0.0,136.3145,7.806,B,123737,False,False,False,False,37,9,2011
2011-09-16,15,5,11477.8,False,62.1,3.937,0.0,0.0,0.0,0.0,0.0,136.3145,7.806,B,123737,False,False,False,False,37,9,2011
2011-09-16,15,6,2482.66,False,62.1,3.937,0.0,0.0,0.0,0.0,0.0,136.3145,7.806,B,123737,False,False,False,False,37,9,2011
2011-09-16,15,7,12438.95,False,62.1,3.937,0.0,0.0,0.0,0.0,0.0,136.3145,7.806,B,123737,False,False,False,False,37,9,2011
2011-09-16,15,8,19961.83,False,62.1,3.937,0.0,0.0,0.0,0.0,0.0,136.3145,7.806,B,123737,False,False,False,False,37,9,2011
2011-09-16,15,9,14234.02,False,62.1,3.937,0.0,0.0,0.0,0.0,0.0,136.3145,7.806,B,123737,False,False,False,False,37,9,2011
2011-09-23,15,1,11452.01,False,59.0,3.899,0.0,0.0,0.0,0.0,0.0,136.367,7.806,B,123737,False,False,False,False,38,9,2011
2011-09-23,15,2,24185.99,False,59.0,3.899,0.0,0.0,0.0,0.0,0.0,136.367,7.806,B,123737,False,False,False,False,38,9,2011
2011-09-23,15,3,7489.77,False,59.0,3.899,0.0,0.0,0.0,0.0,0.0,136.367,7.806,B,123737,False,False,False,False,38,9,2011
2011-09-23,15,4,12933.88,False,59.0,3.899,0.0,0.0,0.0,0.0,0.0,136.367,7.806,B,123737,False,False,False,False,38,9,2011
2011-09-23,15,5,11458.25,False,59.0,3.899,0.0,0.0,0.0,0.0,0.0,136.367,7.806,B,123737,False,False,False,False,38,9,2011
2011-09-23,15,6,2494.33,False,59.0,3.899,0.0,0.0,0.0,0.0,0.0,136.367,7.806,B,123737,False,False,False,False,38,9,2011
2011-09-23,15,7,15632.96,False,59.0,3.899,0.0,0.0,0.0,0.0,0.0,136.367,7.806,B,123737,False,False,False,False,38,9,2011
2011-09-23,15,8,20563.88,False,59.0,3.899,0.0,0.0,0.0,0.0,0.0,136.367,7.806,B,123737,False,False,False,False,38,9,2011
2011-09-23,15,9,16033.63,False,59.0,3.899,0.0,0.0,0.0,0.0,0.0,136.367,7.806,B,123737,False,False,False,False,38,9,2011
2011-09-30,15,1,10730.34,False,64.87,3.858,0.0,0.0,0.0,0.0,0.0,136.4195,7.806,B,123737,False,False,False,False,39,9,2011
2011-09-30,15,2,23915.99,False,64.87,3.858,0.0,0.0,0.0,0.0,0.0,136.4195,7.806,B,123737,False,False,False,False,39,9,2011
2011-09-30,15,3,7810.06,False,64.87,3.858,0.0,0.0,0.0,0.0,0.0,136.4195,7.806,B,123737,False,False,False,False,39,9,2011
2011-09-30,15,4,12509.36,False,64.87,3.858,0.0,0.0,0.0,0.0,0.0,136.4195,7.806,B,123737,False,False,False,False,39,9,2011
2011-09-30,15,5,11585.98,False,64.87,3.858,0.0,0.0,0.0,0.0,0.0,136.4195,7.806,B,123737,False,False,False,False,39,9,2011
2011-09-30,15,6,2857.15,False,64.87,3.858,0.0,0.0,0.0,0.0,0.0,136.4195,7.806,B,123737,False,False,False,False,39,9,2011
2011-09-30,15,7,14013.15,False,64.87,3.858,0.0,0.0,0.0,0.0,0.0,136.4195,7.806,B,123737,False,False,False,False,39,9,2011
2011-09-30,15,8,19288.96,False,64.87,3.858,0.0,0.0,0.0,0.0,0.0,136.4195,7.806,B,123737,False,False,False,False,39,9,2011
2011-09-30,15,9,16512.96,False,64.87,3.858,0.0,0.0,0.0,0.0,0.0,136.4195,7.806,B,123737,False,False,False,False,39,9,2011
2011-10-07,15,1,12949.7,False,51.24,3.775,0.0,0.0,0.0,0.0,0.0,136.472,7.866,B,123737,False,False,False,False,40,10,2011
2011-10-07,15,2,25600.48,False,51.24,3.775,0.0,0.0,0.0,0.0,0.0,136.472,7.866,B,123737,False,False,False,False,40,10,2011
2011-10-07,15,3,7086.35,False,51.24,3.775,0.0,0.0,0.0,0.0,0.0,136.472,7.866,B,123737,False,False,False,False,40,10,2011
2011-10-07,15,4,12898.17,False,51.24,3.775,0.0,0.0,0.0,0.0,0.0,136.472,7.866,B,123737,False,False,False,False,40,10,2011
2011-10-07,15,5,16981.6,False,51.24,3.775,0.0,0.0,0.0,0.0,0.0,136.472,7.866,B,123737,False,False,False,False,40,10,2011
2011-10-07,15,6,2942.69,False,51.24,3.775,0.0,0.0,0.0,0.0,0.0,136.472,7.866,B,123737,False,False,False,False,40,10,2011
2011-10-07,15,7,13907.49,False,51.24,3.775,0.0,0.0,0.0,0.0,0.0,136.472,7.866,B,123737,False,False,False,False,40,10,2011
2011-10-07,15,8,20565.03,False,51.24,3.775,0.0,0.0,0.0,0.0,0.0,136.472,7.866,B,123737,False,False,False,False,40,10,2011
2011-10-07,15,9,17130.39,False,51.24,3.775,0.0,0.0,0.0,0.0,0.0,136.472,7.866,B,123737,False,False,False,False,40,10,2011
2011-10-14,15,1,14243.85,False,61.3,3.744,0.0,0.0,0.0,0.0,0.0,136.5150968,7.866,B,123737,False,False,False,False,41,10,2011
2011-10-14,15,2,23812.57,False,61.3,3.744,0.0,0.0,0.0,0.0,0.0,136.5150968,7.866,B,123737,False,False,False,False,41,10,2011
2011-10-14,15,3,7028.54,False,61.3,3.744,0.0,0.0,0.0,0.0,0.0,136.5150968,7.866,B,123737,False,False,False,False,41,10,2011
2011-10-14,15,4,12376.16,False,61.3,3.744,0.0,0.0,0.0,0.0,0.0,136.5150968,7.866,B,123737,False,False,False,False,41,10,2011
2011-10-14,15,5,12878.89,False,61.3,3.744,0.0,0.0,0.0,0.0,0.0,136.5150968,7.866,B,123737,False,False,False,False,41,10,2011
2011-10-14,15,6,3229.65,False,61.3,3.744,0.0,0.0,0.0,0.0,0.0,136.5150968,7.866,B,123737,False,False,False,False,41,10,2011
2011-10-14,15,7,13789.35,False,61.3,3.744,0.0,0.0,0.0,0.0,0.0,136.5150968,7.866,B,123737,False,False,False,False,41,10,2011
2011-10-14,15,8,20109.54,False,61.3,3.744,0.0,0.0,0.0,0.0,0.0,136.5150968,7.866,B,123737,False,False,False,False,41,10,2011
2011-10-14,15,9,17397.13,False,61.3,3.744,0.0,0.0,0.0,0.0,0.0,136.5150968,7.866,B,123737,False,False,False,False,41,10,2011
2011-10-21,15,1,17485.02,False,51.67,3.757,0.0,0.0,0.0,0.0,0.0,136.5017742,7.866,B,123737,False,False,False,False,42,10,2011
2011-10-21,15,2,25201.48,False,51.67,3.757,0.0,0.0,0.0,0.0,0.0,136.5017742,7.866,B,123737,False,False,False,False,42,10,2011
2011-10-21,15,3,6978.22,False,51.67,3.757,0.0,0.0,0.0,0.0,0.0,136.5017742,7.866,B,123737,False,False,False,False,42,10,2011
2011-10-21,15,4,13606.59,False,51.67,3.757,0.0,0.0,0.0,0.0,0.0,136.5017742,7.866,B,123737,False,False,False,False,42,10,2011
2011-10-21,15,5,17215.61,False,51.67,3.757,0.0,0.0,0.0,0.0,0.0,136.5017742,7.866,B,123737,False,False,False,False,42,10,2011
2011-10-21,15,6,3277.85,False,51.67,3.757,0.0,0.0,0.0,0.0,0.0,136.5017742,7.866,B,123737,False,False,False,False,42,10,2011
2011-10-21,15,7,22052.09,False,51.67,3.757,0.0,0.0,0.0,0.0,0.0,136.5017742,7.866,B,123737,False,False,False,False,42,10,2011
2011-10-21,15,8,21185.19,False,51.67,3.757,0.0,0.0,0.0,0.0,0.0,136.5017742,7.866,B,123737,False,False,False,False,42,10,2011
2011-10-21,15,9,11630.51,False,51.67,3.757,0.0,0.0,0.0,0.0,0.0,136.5017742,7.866,B,123737,False,False,False,False,42,10,2011
2011-10-28,15,1,23771.49,False,45.54,3.757,0.0,0.0,0.0,0.0,0.0,136.4884516,7.866,B,123737,False,False,False,False,43,10,2011
2011-10-28,15,2,24309.45,False,45.54,3.757,0.0,0.0,0.0,0.0,0.0,136.4884516,7.866,B,123737,False,False,False,False,43,10,2011
2011-10-28,15,3,7394.41,False,45.54,3.757,0.0,0.0,0.0,0.0,0.0,136.4884516,7.866,B,123737,False,False,False,False,43,10,2011
2011-10-28,15,4,12950.82,False,45.54,3.757,0.0,0.0,0.0,0.0,0.0,136.4884516,7.866,B,123737,False,False,False,False,43,10,2011
2011-10-28,15,5,20149.32,False,45.54,3.757,0.0,0.0,0.0,0.0,0.0,136.4884516,7.866,B,123737,False,False,False,False,43,10,2011
