Date,Store,Dept,Weekly_Sales,IsHoliday,Temperature,Fuel_Price,MarkDown1,MarkDown2,MarkDown3,MarkDown4,MarkDown5,CPI,Unemployment,Type,Size,Super_Bowl,Labor_Day,Thanksgiving,Christmas,week,month,year
2010-02-05,23,1,32452.79,False,15.25,2.788,0.0,0.0,0.0,0.0,0.0,131.5279032,5.892,B,114533,False,False,False,False,5,2,2010
2010-02-05,23,2,67221.26,False,15.25,2.788,0.0,0.0,0.0,0.0,0.0,131.5279032,5.892,B,114533,False,False,False,False,5,2,2010
2010-02-05,23,3,19124.33,False,15.25,2.788,0.0,0.0,0.0,0.0,0.0,131.5279032,5.892,B,114533,False,False,False,False,5,2,2010
2010-02-05,23,4,26458.18,False,15.25,2.788,0.0,0.0,0.0,0.0,0.0,131.5279032,5.892,B,114533,False,False,False,False,5,2,2010
2010-02-05,23,5,45586.61,False,15.25,2.788,0.0,0.0,0.0,0.0,0.0,131.5279032,5.892,B,114533,False,False,False,False,5,2,2010
2010-02-05,23,6,9000.19,False,15.25,2.788,0.0,0.0,0.0,0.0,0.0,131.5279032,5.892,B,114533,False,False,False,False,5,2,2010
2010-02-05,23,7,36293.71,False,15.25,2.788,0.0,0.0,0.0,0.0,0.0,131.5279032,5.892,B,114533,False,False,False,False,5,2,2010
2010-02-05,23,8,41648.97,False,15.25,2.788,0.0,0.0,0.0,0.0,0.0,131.5279032,5.892,B,114533,False,False,False,False,5,2,2010
2010-02-05,23,9,26344.24,False,15.25,2.788,0.0,0.0,0.0,0.0,0.0,131.5279032,5.892,B,114533,False,False,False,False,5,2,2010
2010-02-12,23,1,50360.71,True,18.75,2.771,0.0,0.0,0.0,0.0,0.0,131.5866129,5.892,B,114533,True,False,False,False,6,2,2010
2010-02-12,23,2,67613.66,True,18.75,2.771,0.0,0.0,0.0,0.0,0.0,131.5866129,5.892,B,114533,True,False,False,False,6,2,2010
2010-02-12,23,3,17989.26,True,18.75,2.771,0.0,0.0,0.0,0.0,0.0,131.5866129,5.892,B,114533,True,False,False,False,6,2,2010
2010-02-12,23,4,24528.12,True,18.75,2.771,0.0,0.0,0.0,0.0,0.0,131.5866129,5.892,B,114533,True,False,False,False,6,2,2010
2010-02-12,23,5,40140.12,True,18.75,2.771,0.0,0.0,0.0,0.0,0.0,131.5866129,5.892,B,114533,True,False,False,False,6,2,2010
2010-02-12,23,6,9093.79,True,18.75,2.771,0.0,0.0,0.0,0.0,0.0,131.5866129,5.892,B,114533,True,False,False,False,6,2,2010
2010-02-12,23,7,37025.29,True,18.75,2.771,0.0,0.0,0.0,0.0,0.0,131.5866129,5.892,B,114533,True,False,False,False,6,2,2010
2010-02-12,23,8,38424.81,True,18.75,2.771,0.0,0.0,0.0,0.0,0.0,131.5866129,5.892,B,114533,True,False,False,False,6,2,2010
2010-02-12,23,9,27715.11,True,18.75,2.771,0.0,0.0,0.0,0.0,0.0,131.5866129,5.892,B,114533,True,False,False,False,6,2,2010
2010-02-19,23,1,28504.7,False,26.7,2.747,0.0,0.0,0.0,0.0,0.0,131.637,5.892,B,114533,False,False,False,False,7,2,2010
2010-02-19,23,2,70599.39,False,26.7,2.747,0.0,0.0,0.0,0.0,0.0,131.637,5.892,B,114533,False,False,False,False,7,2,2010
2010-02-19,23,3,15994.98,False,26.7,2.747,0.0,0.0,0.0,0.0,0.0,131.637,5.892,B,114533,False,False,False,False,7,2,2010
2010-02-19,23,4,24818.54,False,26.7,2.747,0.0,0.0,0.0,0.0,0.0,131.637,5.892,B,114533,False,False,False,False,7,2,2010
2010-02-19,23,5,42646.85,False,26.7,2.747,0.0,0.0,0.0,0.0,0.0,131.637,5.892,B,114533,False,False,False,False,7,2,2010
2010-02-19,23,6,11338.36,False,26.7,2.747,0.0,0.0,0.0,0.0,0.0,131.637,5.892,B,114533,False,False,False,False,7,2,2010
2010-02-19,23,7,37483.46,False,26.7,2.747,0.0,0.0,0.0,0.0,0.0,131.637,5.892,B,114533,False,False,False,False,7,2,2010
2010-02-19,23,8,39341.64,False,26.7,2.747,0.0,0.0,0.0,0.0,0.0,131.637,5.892,B,114533,False,False,False,False,7,2,2010
2010-02-19,23,9,28777.76,False,26.7,2.747,0.0,0.0,0.0,0.0,0.0,131.637,5.892,B,114533,False,False,False,False,7,2,2010
2010-02-26,23,1,23033.73,False,32.68,2.753,0.0,0.0,0.0,0.0,0.0,131.686,5.892,B,114533,False,False,False,False,8,2,2010
2010-02-26,23,2,63655.05,False,32.68,2.753,0.0,0.0,0.0,0.0,0.0,131.686,5.892,B,114533,False,False,False,False,8,2,2010
2010-02-26,23,3,14895.27,False,32.68,2.753,0.0,0.0,0.0,0.0,0.0,131.686,5.892,B,114533,False,False,False,False,8,2,2010
2010-02-26,23,4,23580.99,False,32.68,2.753,0.0,0.0,0.0,0.0,0.0,131.686,5.892,B,114533,False,False,False,False,8,2,2010
2010-02-26,23,5,37240.47,False,32.68,2.753,0.0,0.0,0.0,0.0,0.0,131.686,5.892,B,114533,False,False,False,False,8,2,2010
2010-02-26,23,6,6411.19,False,32.68,2.753,0.0,0.0,0.0,0.0,0.0,131.686,5.892,B,114533,False,False,False,False,8,2,2010
2010-02-26,23,7,34082.0,False,32.68,2.753,0.0,0.0,0.0,0.0,0.0,131.686,5.892,B,114533,False,False,False,False,8,2,2010
2010-02-26,23,8,36516.35,False,32.68,2.753,0.0,0.0,0.0,0.0,0.0,131.686,5.892,B,114533,False,False,False,False,8,2,2010
2010-02-26,23,9,27596.58,False,32.68,2.753,0.0,0.0,0.0,0.0,0.0,131.686,5.892,B,114533,False,False,False,False,8,2,2010
2010-03-05,23,1,29662.3,False,33.15,2.766,0.0,0.0,0.0,0.0,0.0,131.735,5.892,B,114533,False,False,False,False,9,3,2010
2010-03-05,23,2,71369.93,False,33.15,2.766,0.0,0.0,0.0,0.0,0.0,131.735,5.892,B,114533,False,False,False,False,9,3,2010
2010-03-05,23,3,17508.84,False,33.15,2.766,0.0,0.0,0.0,0.0,0.0,131.735,5.892,B,114533,False,False,False,False,9,3,2010
2010-03-05,23,4,25980.33,False,33.15,2.766,0.0,0.0,0.0,0.0,0.0,131.735,5.892,B,114533,False,False,False,False,9,3,2010
2010-03-05,23,5,36575.27,False,33.15,2.766,0.0,0.0,0.0,0.0,0.0,131.735,5.892,B,114533,False,False,False,False,9,3,2010
2010-03-05,23,6,8693.05,False,33.15,2.766,0.0,0.0,0.0,0.0,0.0,131.735,5.892,B,114533,False,False,False,False,9,3,2010
2010-03-05,23,7,36054.5,False,33.15,2.766,0.0,0.0,0.0,0.0,0.0,131.735,5.892,B,114533,False,False,False,False,9,3,2010
2010-03-05,23,8,41720.25,False,33.15,2.766,0.0,0.0,0.0,0.0,0.0,131.735,5.892,B,114533,False,False,False,False,9,3,2010
2010-03-05,23,9,32794.68,False,33.15,2.766,0.0,0.0,0.0,0.0,0.0,131.735,5.892,B,114533,False,False,False,False,9,3,2010
2010-03-12,23,1,33445.02,False,36.07,2.805,0.0,0.0,0.0,0.0,0.0,131.784,5.892,B,114533,False,False,False,False,10,3,2010
2010-03-12,23,2,70177.17,False,36.07,2.805,0.0,0.0,0.0,0.0,0.0,131.784,5.892,B,114533,False,False,False,False,10,3,2010
2010-03-12,23,3,16375.49,False,36.07,2.805,0.0,0.0,0.0,0.0,0.0,131.784,5.892,B,114533,False,False,False,False,10,3,2010
2010-03-12,23,4,26726.58,False,36.07,2.805,0.0,0.0,0.0,0.0,0.0,131.784,5.892,B,114533,False,False,False,False,10,3,2010
2010-03-12,23,5,53347.53,False,36.07,2.805,0.0,0.0,0.0,0.0,0.0,131.784,5.892,B,114533,False,False,False,False,10,3,2010
2010-03-12,23,6,10641.75,False,36.07,2.805,0.0,0.0,0.0,0.0,0.0,131.784,5.892,B,114533,False,False,False,False,10,3,2010
2010-03-12,23,7,49721.83,False,36.07,2.805,0.0,0.0,0.0,0.0,0.0,131.784,5.892,B,114533,False,False,False,False,10,3,2010
2010-03-12,23,8,39349.56,False,36.07,2.805,0.0,0.0,0.0,0.0,0.0,131.784,5.892,B,114533,False,False,False,False,10,3,2010
2010-03-12,23,9,42413.87,False,36.07,2.805,0.0,0.0,0.0,0.0,0.0,131.784,5.892,B,114533,False,False,False,False,10,3,2010
2010-03-19,23,1,32835.67,False,43.01,2.834,0.0,0.0,0.0,0.0,0.0,131.8242903,5.892,B,114533,False,False,False,False,11,3,2010
2010-03-19,23,2,63695.34,False,43.01,2.834,0.0,0.0,0.0,0.0,0.0,131.8242903,5.892,B,114533,False,False,False,False,11,3,2010
2010-03-19,23,3,15438.68,False,43.01,2.834,0.0,0.0,0.0,0.0,0.0,131.8242903,5.892,B,114533,False,False,False,False,11,3,2010
2010-03-19,23,4,22857.56,False,43.01,2.834,0.0,0.0,0.0,0.0,0.0,131.8242903,5.892,B,114533,False,False,False,False,11,3,2010
2010-03-19,23,5,39532.44,False,43.01,2.834,0.0,0.0,0.0,0.0,0.0,131.8242903,5.892,B,114533,False,False,False,False,11,3,2010
2010-03-19,23,6,7223.61,False,43.01,2.834,0.0,0.0,0.0,0.0,0.0,131.8242903,5.892,B,114533,False,False,False,False,11,3,2010
2010-03-19,23,7,48833.9,False,43.01,2.834,0.0,0.0,0.0,0.0,0.0,131.8242903,5.892,B,114533,False,False,False,False,11,3,2010
2010-03-19,23,8,35319.64,False,43.01,2.834,0.0,0.0,0.0,0.0,0.0,131.8242903,5.892,B,114533,False,False,False,False,11,3,2010
2010-03-19,23,9,37144.29,False,43.01,2.834,0.0,0.0,0.0,0.0,0.0,131.8242903,5.892,B,114533,False,False,False,False,11,3,2010
2010-03-26,23,1,42763.12,False,38.59,2.831,0.0,0.0,0.0,0.0,0.0,131.863129,5.892,B,114533,False,False,False,False,12,3,2010
2010-03-26,23,2,66016.75,False,38.59,2.831,0.0,0.0,0.0,0.0,0.0,131.863129,5.892,B,114533,False,False,False,False,12,3,2010
2010-03-26,23,3,16307.69,False,38.59,2.831,0.0,0.0,0.0,0.0,0.0,131.863129,5.892,B,114533,False,False,False,False,12,3,2010
2010-03-26,23,4,24420.83,False,38.59,2.831,0.0,0.0,0.0,0.0,0.0,131.863129,5.892,B,114533,False,False,False,False,12,3,2010
2010-03-26,23,5,72946.48,False,38.59,2.831,0.0,0.0,0.0,0.0,0.0,131.863129,5.892,B,114533,False,False,False,False,12,3,2010
2010-03-26,23,6,7211.64,False,38.59,2.831,0.0,0.0,0.0,0.0,0.0,131.863129,5.892,B,114533,False,False,False,False,12,3,2010
2010-03-26,23,7,53189.9,False,38.59,2.831,0.0,0.0,0.0,0.0,0.0,131.863129,5.892,B,114533,False,False,False,False,12,3,2010
2010-03-26,23,8,36577.9,False,38.59,2.831,0.0,0.0,0.0,0.0,0.0,131.863129,5.892,B,114533,False,False,False,False,12,3,2010
2010-03-26,23,9,38858.91,False,38.59,2.831,0.0,0.0,0.0,0.0,0.0,131.863129,5.892,B,114533,False,False,False,False,12,3,2010
2010-04-02,23,1,112577.06,False,40.5,2.826,0.0,0.0,0.0,0.0,0.0,131.9019677,5.435,B,114533,False,False,False,False,13,4,2010
2010-04-02,23,2,73361.18,False,40.5,2.826,0.0,0.0,0.0,0.0,0.0,131.9019677,5.435,B,114533,False,False,False,False,13,4,2010
2010-04-02,23,3,19082.33,False,40.5,2.826,0.0,0.0,0.0,0.0,0.0,131.9019677,5.435,B,114533,False,False,False,False,13,4,2010
2010-04-02,23,4,27007.39,False,40.5,2.826,0.0,0.0,0.0,0.0,0.0,131.9019677,5.435,B,114533,False,False,False,False,13,4,2010
2010-04-02,23,5,66706.9,False,40.5,2.826,0.0,0.0,0.0,0.0,0.0,131.9019677,5.435,B,114533,False,False,False,False,13,4,2010
2010-04-02,23,6,6958.54,False,40.5,2.826,0.0,0.0,0.0,0.0,0.0,131.9019677,5.435,B,114533,False,False,False,False,13,4,2010
2010-04-02,23,7,83617.39,False,40.5,2.826,0.0,0.0,0.0,0.0,0.0,131.9019677,5.435,B,114533,False,False,False,False,13,4,2010
2010-04-02,23,8,40395.8,False,40.5,2.826,0.0,0.0,0.0,0.0,0.0,131.9019677,5.435,B,114533,False,False,False,False,13,4,2010
2010-04-02,23,9,51560.04,False,40.5,2.826,0.0,0.0,0.0,0.0,0.0,131.9019677,5.435,B,114533,False,False,False,False,13,4,2010
2010-04-09,23,1,35152.11,False,56.82,2.849,0.0,0.0,0.0,0.0,0.0,131.9408065,5.435,B,114533,False,False,False,False,14,4,2010
2010-04-09,23,2,64624.41,False,56.82,2.849,0.0,0.0,0.0,0.0,0.0,131.9408065,5.435,B,114533,False,False,False,False,14,4,2010
2010-04-09,23,3,15684.15,False,56.82,2.849,0.0,0.0,0.0,0.0,0.0,131.9408065,5.435,B,114533,False,False,False,False,14,4,2010
2010-04-09,23,4,22862.96,False,56.82,2.849,0.0,0.0,0.0,0.0,0.0,131.9408065,5.435,B,114533,False,False,False,False,14,4,2010
2010-04-09,23,5,36489.13,False,56.82,2.849,0.0,0.0,0.0,0.0,0.0,131.9408065,5.435,B,114533,False,False,False,False,14,4,2010
2010-04-09,23,6,5902.07,False,56.82,2.849,0.0,0.0,0.0,0.0,0.0,131.9408065,5.435,B,114533,False,False,False,False,14,4,2010
2010-04-09,23,7,50551.59,False,56.82,2.849,0.0,0.0,0.0,0.0,0.0,131.9408065,5.435,B,114533,False,False,False,False,14,4,2010
2010-04-09,23,8,33543.99,False,56.82,2.849,0.0,0.0,0.0,0.0,0.0,131.9408065,5.435,B,114533,False,False,False,False,14,4,2010
2010-04-09,23,9,49243.66,False,56.82,2.849,0.0,0.0,0.0,0.0,0.0,131.9408065,5.435,B,114533,False,False,False,False,14,4,2010
2010-04-16,23,1,21808.82,False,44.25,2.885,0.0,0.0,0.0,0.0,0.0,131.9809,5.435,B,114533,False,False,False,False,15,4,2010
2010-04-16,23,2,69554.04,False,44.25,2.885,0.0,0.0,0.0,0.0,0.0,131.9809,5.435,B,114533,False,False,False,False,15,4,2010
2010-04-16,23,3,15696.42,False,44.25,2.885,0.0,0.0,0.0,0.0,0.0,131.9809,5.435,B,114533,False,False,False,False,15,4,2010
2010-04-16,23,4,26797.08,False,44.25,2.885,0.0,0.0,0.0,0.0,0.0,131.9809,5.435,B,114533,False,False,False,False,15,4,2010
2010-04-16,23,5,26572.54,False,44.25,2.885,0.0,0.0,0.0,0.0,0.0,131.9809,5.435,B,114533,False,False,False,False,15,4,2010
2010-04-16,23,6,8203.19,False,44.25,2.885,0.0,0.0,0.0,0.0,0.0,131.9809,5.435,B,114533,False,False,False,False,15,4,2010
2010-04-16,23,7,44143.41,False,44.25,2.885,0.0,0.0,0.0,0.0,0.0,131.9809,5.435,B,114533,False,False,False,False,15,4,2010
2010-04-16,23,8,35981.38,False,44.25,2.885,0.0,0.0,0.0,0.0,0.0,131.9809,5.435,B,114533,False,False,False,False,15,4,2010
2010-04-16,23,9,54835.47,False,44.25,2.885,0.0,0.0,0.0,0.0,0.0,131.9809,5.435,B,114533,False,False,False,False,15,4,2010
2010-04-23,23,1,22586.32,False,46.4,2.895,0.0,0.0,0.0,0.0,0.0,132.0226667,5.435,B,114533,False,False,False,False,16,4,2010
2010-04-23,23,2,70815.75,False,46.4,2.895,0.0,0.0,0.0,0.0,0.0,132.0226667,5.435,B,114533,False,False,False,False,16,4,2010
2010-04-23,23,3,15152.33,False,46.4,2.895,0.0,0.0,0.0,0.0,0.0,132.0226667,5.435,B,114533,False,False,False,False,16,4,2010
2010-04-23,23,4,26140.04,False,46.4,2.895,0.0,0.0,0.0,0.0,0.0,132.0226667,5.435,B,114533,False,False,False,False,16,4,2010
2010-04-23,23,5,44743.49,False,46.4,2.895,0.0,0.0,0.0,0.0,0.0,132.0226667,5.435,B,114533,False,False,False,False,16,4,2010
2010-04-23,23,6,9345.31,False,46.4,2.895,0.0,0.0,0.0,0.0,0.0,132.0226667,5.435,B,114533,False,False,False,False,16,4,2010
2010-04-23,23,7,44555.9,False,46.4,2.895,0.0,0.0,0.0,0.0,0.0,132.0226667,5.435,B,114533,False,False,False,False,16,4,2010
2010-04-23,23,8,36921.29,False,46.4,2.895,0.0,0.0,0.0,0.0,0.0,132.0226667,5.435,B,114533,False,False,False,False,16,4,2010
2010-04-23,23,9,53924.92,False,46.4,2.895,0.0,0.0,0.0,0.0,0.0,132.0226667,5.435,B,114533,False,False,False,False,16,4,2010
2010-04-30,23,1,21999.42,False,45.47,2.935,0.0,0.0,0.0,0.0,0.0,132.0644333,5.435,B,114533,False,False,False,False,17,4,2010
2010-04-30,23,2,64190.4,False,45.47,2.935,0.0,0.0,0.0,0.0,0.0,132.0644333,5.435,B,114533,False,False,False,False,17,4,2010
2010-04-30,23,3,14211.43,False,45.47,2.935,0.0,0.0,0.0,0.0,0.0,132.0644333,5.435,B,114533,False,False,False,False,17,4,2010
2010-04-30,23,4,23310.85,False,45.47,2.935,0.0,0.0,0.0,0.0,0.0,132.0644333,5.435,B,114533,False,False,False,False,17,4,2010
2010-04-30,23,5,41200.46,False,45.47,2.935,0.0,0.0,0.0,0.0,0.0,132.0644333,5.435,B,114533,False,False,False,False,17,4,2010
2010-04-30,23,6,9348.68,False,45.47,2.935,0.0,0.0,0.0,0.0,0.0,132.0644333,5.435,B,114533,False,False,False,False,17,4,2010
2010-04-30,23,7,42897.32,False,45.47,2.935,0.0,0.0,0.0,0.0,0.0,132.0644333,5.435,B,114533,False,False,False,False,17,4,2010
2010-04-30,23,8,34259.48,False,45.47,2.935,0.0,0.0,0.0,0.0,0.0,132.0644333,5.435,B,114533,False,False,False,False,17,4,2010
2010-04-30,23,9,56920.05,False,45.47,2.935,0.0,0.0,0.0,0.0,0.0,132.0644333,5.435,B,114533,False,False,False,False,17,4,2010
2010-05-07,23,1,24490.83,False,61.04,2.981,0.0,0.0,0.0,0.0,0.0,132.1062,5.435,B,114533,False,False,False,False,18,5,2010
2010-05-07,23,2,68167.09,False,61.04,2.981,0.0,0.0,0.0,0.0,0.0,132.1062,5.435,B,114533,False,False,False,False,18,5,2010
2010-05-07,23,3,12644.2,False,61.04,2.981,0.0,0.0,0.0,0.0,0.0,132.1062,5.435,B,114533,False,False,False,False,18,5,2010
2010-05-07,23,4,26359.19,False,61.04,2.981,0.0,0.0,0.0,0.0,0.0,132.1062,5.435,B,114533,False,False,False,False,18,5,2010
2010-05-07,23,5,30657.04,False,61.04,2.981,0.0,0.0,0.0,0.0,0.0,132.1062,5.435,B,114533,False,False,False,False,18,5,2010
2010-05-07,23,6,9790.44,False,61.04,2.981,0.0,0.0,0.0,0.0,0.0,132.1062,5.435,B,114533,False,False,False,False,18,5,2010
2010-05-07,23,7,38862.91,False,61.04,2.981,0.0,0.0,0.0,0.0,0.0,132.1062,5.435,B,114533,False,False,False,False,18,5,2010
2010-05-07,23,8,35991.0,False,61.04,2.981,0.0,0.0,0.0,0.0,0.0,132.1062,5.435,B,114533,False,False,False,False,18,5,2010
2010-05-07,23,9,51467.86,False,61.04,2.981,0.0,0.0,0.0,0.0,0.0,132.1062,5.435,B,114533,False,False,False,False,18,5,2010
2010-05-14,23,1,26328.78,False,45.33,2.983,0.0,0.0,0.0,0.0,0.0,132.152129,5.435,B,114533,False,False,False,False,19,5,2010
2010-05-14,23,2,68738.92,False,45.33,2.983,0.0,0.0,0.0,0.0,0.0,132.152129,5.435,B,114533,False,False,False,False,19,5,2010
2010-05-14,23,3,13728.67,False,45.33,2.983,0.0,0.0,0.0,0.0,0.0,132.152129,5.435,B,114533,False,False,False,False,19,5,2010
2010-05-14,23,4,26367.93,False,45.33,2.983,0.0,0.0,0.0,0.0,0.0,132.152129,5.435,B,114533,False,False,False,False,19,5,2010
2010-05-14,23,5,32971.39,False,45.33,2.983,0.0,0.0,0.0,0.0,0.0,132.152129,5.435,B,114533,False,False,False,False,19,5,2010
2010-05-14,23,6,11038.22,False,45.33,2.983,0.0,0.0,0.0,0.0,0.0,132.152129,5.435,B,114533,False,False,False,False,19,5,2010
2010-05-14,23,7,37966.5,False,45.33,2.983,0.0,0.0,0.0,0.0,0.0,132.152129,5.435,B,114533,False,False,False,False,19,5,2010
2010-05-14,23,8,35138.52,False,45.33,2.983,0.0,0.0,0.0,0.0,0.0,132.152129,5.435,B,114533,False,False,False,False,19,5,2010
2010-05-14,23,9,54863.25,False,45.33,2.983,0.0,0.0,0.0,0.0,0.0,132.152129,5.435,B,114533,False,False,False,False,19,5,2010
2010-05-21,23,1,24172.09,False,57.94,2.961,0.0,0.0,0.0,0.0,0.0,132.2230323,5.435,B,114533,False,False,False,False,20,5,2010
2010-05-21,23,2,67991.68,False,57.94,2.961,0.0,0.0,0.0,0.0,0.0,132.2230323,5.435,B,114533,False,False,False,False,20,5,2010
2010-05-21,23,3,14294.44,False,57.94,2.961,0.0,0.0,0.0,0.0,0.0,132.2230323,5.435,B,114533,False,False,False,False,20,5,2010
2010-05-21,23,4,26151.13,False,57.94,2.961,0.0,0.0,0.0,0.0,0.0,132.2230323,5.435,B,114533,False,False,False,False,20,5,2010
2010-05-21,23,5,24949.9,False,57.94,2.961,0.0,0.0,0.0,0.0,0.0,132.2230323,5.435,B,114533,False,False,False,False,20,5,2010
2010-05-21,23,6,7942.86,False,57.94,2.961,0.0,0.0,0.0,0.0,0.0,132.2230323,5.435,B,114533,False,False,False,False,20,5,2010
2010-05-21,23,7,49583.81,False,57.94,2.961,0.0,0.0,0.0,0.0,0.0,132.2230323,5.435,B,114533,False,False,False,False,20,5,2010
2010-05-21,23,8,32616.9,False,57.94,2.961,0.0,0.0,0.0,0.0,0.0,132.2230323,5.435,B,114533,False,False,False,False,20,5,2010
2010-05-21,23,9,61197.46,False,57.94,2.961,0.0,0.0,0.0,0.0,0.0,132.2230323,5.435,B,114533,False,False,False,False,20,5,2010
2010-05-28,23,1,24620.96,False,69.26,2.906,0.0,0.0,0.0,0.0,0.0,132.2939355,5.435,B,114533,False,False,False,False,21,5,2010
2010-05-28,23,2,72136.09,False,69.26,2.906,0.0,0.0,0.0,0.0,0.0,132.2939355,5.435,B,114533,False,False,False,False,21,5,2010
2010-05-28,23,3,13151.23,False,69.26,2.906,0.0,0.0,0.0,0.0,0.0,132.2939355,5.435,B,114533,False,False,False,False,21,5,2010
2010-05-28,23,4,28938.11,False,69.26,2.906,0.0,0.0,0.0,0.0,0.0,132.2939355,5.435,B,114533,False,False,False,False,21,5,2010
2010-05-28,23,5,23177.68,False,69.26,2.906,0.0,0.0,0.0,0.0,0.0,132.2939355,5.435,B,114533,False,False,False,False,21,5,2010
2010-05-28,23,6,9752.71,False,69.26,2.906,0.0,0.0,0.0,0.0,0.0,132.2939355,5.435,B,114533,False,False,False,False,21,5,2010
2010-05-28,23,7,68152.34,False,69.26,2.906,0.0,0.0,0.0,0.0,0.0,132.2939355,5.435,B,114533,False,False,False,False,21,5,2010
2010-05-28,23,8,35258.85,False,69.26,2.906,0.0,0.0,0.0,0.0,0.0,132.2939355,5.435,B,114533,False,False,False,False,21,5,2010
2010-05-28,23,9,81150.33,False,69.26,2.906,0.0,0.0,0.0,0.0,0.0,132.2939355,5.435,B,114533,False,False,False,False,21,5,2010
2010-06-04,23,1,24627.71,False,64.94,2.857,0.0,0.0,0.0,0.0,0.0,132.3648387,5.435,B,114533,False,False,False,False,22,6,2010
2010-06-04,23,2,73600.63,False,64.94,2.857,0.0,0.0,0.0,0.0,0.0,132.3648387,5.435,B,114533,False,False,False,False,22,6,2010
2010-06-04,23,3,14543.05,False,64.94,2.857,0.0,0.0,0.0,0.0,0.0,132.3648387,5.435,B,114533,False,False,False,False,22,6,2010
2010-06-04,23,4,31517.64,False,64.94,2.857,0.0,0.0,0.0,0.0,0.0,132.3648387,5.435,B,114533,False,False,False,False,22,6,2010
2010-06-04,23,5,29194.58,False,64.94,2.857,0.0,0.0,0.0,0.0,0.0,132.3648387,5.435,B,114533,False,False,False,False,22,6,2010
2010-06-04,23,6,9406.53,False,64.94,2.857,0.0,0.0,0.0,0.0,0.0,132.3648387,5.435,B,114533,False,False,False,False,22,6,2010
2010-06-04,23,7,54423.42,False,64.94,2.857,0.0,0.0,0.0,0.0,0.0,132.3648387,5.435,B,114533,False,False,False,False,22,6,2010
2010-06-04,23,8,35804.87,False,64.94,2.857,0.0,0.0,0.0,0.0,0.0,132.3648387,5.435,B,114533,False,False,False,False,22,6,2010
2010-06-04,23,9,72015.54,False,64.94,2.857,0.0,0.0,0.0,0.0,0.0,132.3648387,5.435,B,114533,False,False,False,False,22,6,2010
2010-06-11,23,1,25365.21,False,58.35,2.83,0.0,0.0,0.0,0.0,0.0,132.4357419,5.435,B,114533,False,False,False,False,23,6,2010
2010-06-11,23,2,76405.69,False,58.35,2.83,0.0,0.0,0.0,0.0,0.0,132.4357419,5.435,B,114533,False,False,False,False,23,6,2010
2010-06-11,23,3,15221.38,False,58.35,2.83,0.0,0.0,0.0,0.0,0.0,132.4357419,5.435,B,114533,False,False,False,False,23,6,2010
2010-06-11,23,4,30273.12,False,58.35,2.83,0.0,0.0,0.0,0.0,0.0,132.4357419,5.435,B,114533,False,False,False,False,23,6,2010
2010-06-11,23,5,26722.41,False,58.35,2.83,0.0,0.0,0.0,0.0,0.0,132.4357419,5.435,B,114533,False,False,False,False,23,6,2010
2010-06-11,23,6,9882.77,False,58.35,2.83,0.0,0.0,0.0,0.0,0.0,132.4357419,5.435,B,114533,False,False,False,False,23,6,2010
2010-06-11,23,7,51018.74,False,58.35,2.83,0.0,0.0,0.0,0.0,0.0,132.4357419,5.435,B,114533,False,False,False,False,23,6,2010
2010-06-11,23,8,37549.23,False,58.35,2.83,0.0,0.0,0.0,0.0,0.0,132.4357419,5.435,B,114533,False,False,False,False,23,6,2010
2010-06-11,23,9,75545.48,False,58.35,2.83,0.0,0.0,0.0,0.0,0.0,132.4357419,5.435,B,114533,False,False,False,False,23,6,2010
2010-06-18,23,1,26814.4,False,60.29,2.805,0.0,0.0,0.0,0.0,0.0,132.4733333,5.435,B,114533,False,False,False,False,24,6,2010
2010-06-18,23,2,75451.1,False,60.29,2.805,0.0,0.0,0.0,0.0,0.0,132.4733333,5.435,B,114533,False,False,False,False,24,6,2010
2010-06-18,23,3,15874.88,False,60.29,2.805,0.0,0.0,0.0,0.0,0.0,132.4733333,5.435,B,114533,False,False,False,False,24,6,2010
2010-06-18,23,4,27932.68,False,60.29,2.805,0.0,0.0,0.0,0.0,0.0,132.4733333,5.435,B,114533,False,False,False,False,24,6,2010
2010-06-18,23,5,29771.22,False,60.29,2.805,0.0,0.0,0.0,0.0,0.0,132.4733333,5.435,B,114533,False,False,False,False,24,6,2010
2010-06-18,23,6,12236.27,False,60.29,2.805,0.0,0.0,0.0,0.0,0.0,132.4733333,5.435,B,114533,False,False,False,False,24,6,2010
2010-06-18,23,7,61277.73,False,60.29,2.805,0.0,0.0,0.0,0.0,0.0,132.4733333,5.435,B,114533,False,False,False,False,24,6,2010
2010-06-18,23,8,37855.65,False,60.29,2.805,0.0,0.0,0.0,0.0,0.0,132.4733333,5.435,B,114533,False,False,False,False,24,6,2010
2010-06-18,23,9,95101.74,False,60.29,2.805,0.0,0.0,0.0,0.0,0.0,132.4733333,5.435,B,114533,False,False,False,False,24,6,2010
2010-06-25,23,1,23550.61,False,69.83,2.81,0.0,0.0,0.0,0.0,0.0,132.4976,5.435,B,114533,False,False,False,False,25,6,2010
2010-06-25,23,2,74356.67,False,69.83,2.81,0.0,0.0,0.0,0.0,0.0,132.4976,5.435,B,114533,False,False,False,False,25,6,2010
2010-06-25,23,3,13844.27,False,69.83,2.81,0.0,0.0,0.0,0.0,0.0,132.4976,5.435,B,114533,False,False,False,False,25,6,2010
2010-06-25,23,4,27645.83,False,69.83,2.81,0.0,0.0,0.0,0.0,0.0,132.4976,5.435,B,114533,False,False,False,False,25,6,2010
2010-06-25,23,5,28584.44,False,69.83,2.81,0.0,0.0,0.0,0.0,0.0,132.4976,5.435,B,114533,False,False,False,False,25,6,2010
2010-06-25,23,6,10667.3,False,69.83,2.81,0.0,0.0,0.0,0.0,0.0,132.4976,5.435,B,114533,False,False,False,False,25,6,2010
2010-06-25,23,7,57659.22,False,69.83,2.81,0.0,0.0,0.0,0.0,0.0,132.4976,5.435,B,114533,False,False,False,False,25,6,2010
2010-06-25,23,8,33692.62,False,69.83,2.81,0.0,0.0,0.0,0.0,0.0,132.4976,5.435,B,114533,False,False,False,False,25,6,2010
2010-06-25,23,9,86116.34,False,69.83,2.81,0.0,0.0,0.0,0.0,0.0,132.4976,5.435,B,114533,False,False,False,False,25,6,2010
2010-07-02,23,1,30062.8,False,64.76,2.815,0.0,0.0,0.0,0.0,0.0,132.5218667,5.326,B,114533,False,False,False,False,26,7,2010
2010-07-02,23,2,84158.64,False,64.76,2.815,0.0,0.0,0.0,0.0,0.0,132.5218667,5.326,B,114533,False,False,False,False,26,7,2010
2010-07-02,23,3,14938.42,False,64.76,2.815,0.0,0.0,0.0,0.0,0.0,132.5218667,5.326,B,114533,False,False,False,False,26,7,2010
2010-07-02,23,4,32145.0,False,64.76,2.815,0.0,0.0,0.0,0.0,0.0,132.5218667,5.326,B,114533,False,False,False,False,26,7,2010
2010-07-02,23,5,29061.61,False,64.76,2.815,0.0,0.0,0.0,0.0,0.0,132.5218667,5.326,B,114533,False,False,False,False,26,7,2010
2010-07-02,23,6,11411.07,False,64.76,2.815,0.0,0.0,0.0,0.0,0.0,132.5218667,5.326,B,114533,False,False,False,False,26,7,2010
2010-07-02,23,7,60130.73,False,64.76,2.815,0.0,0.0,0.0,0.0,0.0,132.5218667,5.326,B,114533,False,False,False,False,26,7,2010
2010-07-02,23,8,39554.8,False,64.76,2.815,0.0,0.0,0.0,0.0,0.0,132.5218667,5.326,B,114533,False,False,False,False,26,7,2010
2010-07-02,23,9,92137.39,False,64.76,2.815,0.0,0.0,0.0,0.0,0.0,132.5218667,5.326,B,114533,False,False,False,False,26,7,2010
2010-07-09,23,1,19652.86,False,77.16,2.806,0.0,0.0,0.0,0.0,0.0,132.5461333,5.326,B,114533,False,False,False,False,27,7,2010
2010-07-09,23,2,73580.79,False,77.16,2.806,0.0,0.0,0.0,0.0,0.0,132.5461333,5.326,B,114533,False,False,False,False,27,7,2010
2010-07-09,23,3,13054.15,False,77.16,2.806,0.0,0.0,0.0,0.0,0.0,132.5461333,5.326,B,114533,False,False,False,False,27,7,2010
2010-07-09,23,4,26209.65,False,77.16,2.806,0.0,0.0,0.0,0.0,0.0,132.5461333,5.326,B,114533,False,False,False,False,27,7,2010
2010-07-09,23,5,21115.7,False,77.16,2.806,0.0,0.0,0.0,0.0,0.0,132.5461333,5.326,B,114533,False,False,False,False,27,7,2010
2010-07-09,23,6,10329.24,False,77.16,2.806,0.0,0.0,0.0,0.0,0.0,132.5461333,5.326,B,114533,False,False,False,False,27,7,2010
2010-07-09,23,7,57500.38,False,77.16,2.806,0.0,0.0,0.0,0.0,0.0,132.5461333,5.326,B,114533,False,False,False,False,27,7,2010
2010-07-09,23,8,30023.49,False,77.16,2.806,0.0,0.0,0.0,0.0,0.0,132.5461333,5.326,B,114533,False,False,False,False,27,7,2010
2010-07-09,23,9,80244.92,False,77.16,2.806,0.0,0.0,0.0,0.0,0.0,132.5461333,5.326,B,114533,False,False,False,False,27,7,2010
2010-07-16,23,1,25879.24,False,73.94,2.796,0.0,0.0,0.0,0.0,0.0,132.5667742,5.326,B,114533,False,False,False,False,28,7,2010
2010-07-16,23,2,85397.93,False,73.94,2.796,0.0,0.0,0.0,0.0,0.0,132.5667742,5.326,B,114533,False,False,False,False,28,7,2010
2010-07-16,23,3,21067.41,False,73.94,2.796,0.0,0.0,0.0,0.0,0.0,132.5667742,5.326,B,114533,False,False,False,False,28,7,2010
2010-07-16,23,4,29845.25,False,73.94,2.796,0.0,0.0,0.0,0.0,0.0,132.5667742,5.326,B,114533,False,False,False,False,28,7,2010
2010-07-16,23,5,25508.77,False,73.94,2.796,0.0,0.0,0.0,0.0,0.0,132.5667742,5.326,B,114533,False,False,False,False,28,7,2010
2010-07-16,23,6,11284.73,False,73.94,2.796,0.0,0.0,0.0,0.0,0.0,132.5667742,5.326,B,114533,False,False,False,False,28,7,2010
2010-07-16,23,7,46496.46,False,73.94,2.796,0.0,0.0,0.0,0.0,0.0,132.5667742,5.326,B,114533,False,False,False,False,28,7,2010
2010-07-16,23,8,33644.13,False,73.94,2.796,0.0,0.0,0.0,0.0,0.0,132.5667742,5.326,B,114533,False,False,False,False,28,7,2010
2010-07-16,23,9,74837.37,False,73.94,2.796,0.0,0.0,0.0,0.0,0.0,132.5667742,5.326,B,114533,False,False,False,False,28,7,2010
2010-07-23,23,1,23931.39,False,70.2,2.784,0.0,0.0,0.0,0.0,0.0,132.5825806,5.326,B,114533,False,False,False,False,29,7,2010
2010-07-23,23,2,81848.79,False,70.2,2.784,0.0,0.0,0.0,0.0,0.0,132.5825806,5.326,B,114533,False,False,False,False,29,7,2010
2010-07-23,23,3,24422.97,False,70.2,2.784,0.0,0.0,0.0,0.0,0.0,132.5825806,5.326,B,114533,False,False,False,False,29,7,2010
2010-07-23,23,4,29032.65,False,70.2,2.784,0.0,0.0,0.0,0.0,0.0,132.5825806,5.326,B,114533,False,False,False,False,29,7,2010
2010-07-23,23,5,23415.35,False,70.2,2.784,0.0,0.0,0.0,0.0,0.0,132.5825806,5.326,B,114533,False,False,False,False,29,7,2010
2010-07-23,23,6,9024.58,False,70.2,2.784,0.0,0.0,0.0,0.0,0.0,132.5825806,5.326,B,114533,False,False,False,False,29,7,2010
2010-07-23,23,7,42028.23,False,70.2,2.784,0.0,0.0,0.0,0.0,0.0,132.5825806,5.326,B,114533,False,False,False,False,29,7,2010
2010-07-23,23,8,35438.5,False,70.2,2.784,0.0,0.0,0.0,0.0,0.0,132.5825806,5.326,B,114533,False,False,False,False,29,7,2010
2010-07-23,23,9,66710.6,False,70.2,2.784,0.0,0.0,0.0,0.0,0.0,132.5825806,5.326,B,114533,False,False,False,False,29,7,2010
2010-07-30,23,1,22542.45,False,69.71,2.792,0.0,0.0,0.0,0.0,0.0,132.5983871,5.326,B,114533,False,False,False,False,30,7,2010
2010-07-30,23,2,81429.56,False,69.71,2.792,0.0,0.0,0.0,0.0,0.0,132.5983871,5.326,B,114533,False,False,False,False,30,7,2010
2010-07-30,23,3,28722.9,False,69.71,2.792,0.0,0.0,0.0,0.0,0.0,132.5983871,5.326,B,114533,False,False,False,False,30,7,2010
2010-07-30,23,4,28272.59,False,69.71,2.792,0.0,0.0,0.0,0.0,0.0,132.5983871,5.326,B,114533,False,False,False,False,30,7,2010
2010-07-30,23,5,22230.07,False,69.71,2.792,0.0,0.0,0.0,0.0,0.0,132.5983871,5.326,B,114533,False,False,False,False,30,7,2010
2010-07-30,23,6,11235.77,False,69.71,2.792,0.0,0.0,0.0,0.0,0.0,132.5983871,5.326,B,114533,False,False,False,False,30,7,2010
2010-07-30,23,7,42374.1,False,69.71,2.792,0.0,0.0,0.0,0.0,0.0,132.5983871,5.326,B,114533,False,False,False,False,30,7,2010
2010-07-30,23,8,36290.33,False,69.71,2.792,0.0,0.0,0.0,0.0,0.0,132.5983871,5.326,B,114533,False,False,False,False,30,7,2010
2010-07-30,23,9,59166.52,False,69.71,2.792,0.0,0.0,0.0,0.0,0.0,132.5983871,5.326,B,114533,False,False,False,False,30,7,2010
2010-08-06,23,1,24751.15,False,70.03,2.792,0.0,0.0,0.0,0.0,0.0,132.6141935,5.326,B,114533,False,False,False,False,31,8,2010
2010-08-06,23,2,83529.2,False,70.03,2.792,0.0,0.0,0.0,0.0,0.0,132.6141935,5.326,B,114533,False,False,False,False,31,8,2010
2010-08-06,23,3,39751.0,False,70.03,2.792,0.0,0.0,0.0,0.0,0.0,132.6141935,5.326,B,114533,False,False,False,False,31,8,2010
2010-08-06,23,4,30983.59,False,70.03,2.792,0.0,0.0,0.0,0.0,0.0,132.6141935,5.326,B,114533,False,False,False,False,31,8,2010
2010-08-06,23,5,25645.11,False,70.03,2.792,0.0,0.0,0.0,0.0,0.0,132.6141935,5.326,B,114533,False,False,False,False,31,8,2010
2010-08-06,23,6,9138.23,False,70.03,2.792,0.0,0.0,0.0,0.0,0.0,132.6141935,5.326,B,114533,False,False,False,False,31,8,2010
2010-08-06,23,7,41488.51,False,70.03,2.792,0.0,0.0,0.0,0.0,0.0,132.6141935,5.326,B,114533,False,False,False,False,31,8,2010
2010-08-06,23,8,37017.01,False,70.03,2.792,0.0,0.0,0.0,0.0,0.0,132.6141935,5.326,B,114533,False,False,False,False,31,8,2010
2010-08-06,23,9,62029.29,False,70.03,2.792,0.0,0.0,0.0,0.0,0.0,132.6141935,5.326,B,114533,False,False,False,False,31,8,2010
2010-08-13,23,1,25806.32,False,67.43,2.81,0.0,0.0,0.0,0.0,0.0,132.63,5.326,B,114533,False,False,False,False,32,8,2010
2010-08-13,23,2,78283.45,False,67.43,2.81,0.0,0.0,0.0,0.0,0.0,132.63,5.326,B,114533,False,False,False,False,32,8,2010
2010-08-13,23,3,44833.14,False,67.43,2.81,0.0,0.0,0.0,0.0,0.0,132.63,5.326,B,114533,False,False,False,False,32,8,2010
2010-08-13,23,4,28340.41,False,67.43,2.81,0.0,0.0,0.0,0.0,0.0,132.63,5.326,B,114533,False,False,False,False,32,8,2010
2010-08-13,23,5,21621.09,False,67.43,2.81,0.0,0.0,0.0,0.0,0.0,132.63,5.326,B,114533,False,False,False,False,32,8,2010
2010-08-13,23,6,10539.12,False,67.43,2.81,0.0,0.0,0.0,0.0,0.0,132.63,5.326,B,114533,False,False,False,False,32,8,2010
2010-08-13,23,7,38572.23,False,67.43,2.81,0.0,0.0,0.0,0.0,0.0,132.63,5.326,B,114533,False,False,False,False,32,8,2010
2010-08-13,23,8,35081.96,False,67.43,2.81,0.0,0.0,0.0,0.0,0.0,132.63,5.326,B,114533,False,False,False,False,32,8,2010
2010-08-13,23,9,58621.52,False,67.43,2.81,0.0,0.0,0.0,0.0,0.0,132.63,5.326,B,114533,False,False,False,False,32,8,2010
2010-08-20,23,1,25113.16,False,68.65,2.796,0.0,0.0,0.0,0.0,0.0,132.6616129,5.326,B,114533,False,False,False,False,33,8,2010
2010-08-20,23,2,88113.7,False,68.65,2.796,0.0,0.0,0.0,0.0,0.0,132.6616129,5.326,B,114533,False,False,False,False,33,8,2010
2010-08-20,23,3,59840.16,False,68.65,2.796,0.0,0.0,0.0,0.0,0.0,132.6616129,5.326,B,114533,False,False,False,False,33,8,2010
2010-08-20,23,4,30198.85,False,68.65,2.796,0.0,0.0,0.0,0.0,0.0,132.6616129,5.326,B,114533,False,False,False,False,33,8,2010
2010-08-20,23,5,21363.78,False,68.65,2.796,0.0,0.0,0.0,0.0,0.0,132.6616129,5.326,B,114533,False,False,False,False,33,8,2010
2010-08-20,23,6,11053.97,False,68.65,2.796,0.0,0.0,0.0,0.0,0.0,132.6616129,5.326,B,114533,False,False,False,False,33,8,2010
2010-08-20,23,7,38420.82,False,68.65,2.796,0.0,0.0,0.0,0.0,0.0,132.6616129,5.326,B,114533,False,False,False,False,33,8,2010
2010-08-20,23,8,35299.74,False,68.65,2.796,0.0,0.0,0.0,0.0,0.0,132.6616129,5.326,B,114533,False,False,False,False,33,8,2010
2010-08-20,23,9,56729.76,False,68.65,2.796,0.0,0.0,0.0,0.0,0.0,132.6616129,5.326,B,114533,False,False,False,False,33,8,2010
2010-08-27,23,1,25563.71,False,63.25,2.77,0.0,0.0,0.0,0.0,0.0,132.6932258,5.326,B,114533,False,False,False,False,34,8,2010
2010-08-27,23,2,101882.54,False,63.25,2.77,0.0,0.0,0.0,0.0,0.0,132.6932258,5.326,B,114533,False,False,False,False,34,8,2010
2010-08-27,23,3,78532.61,False,63.25,2.77,0.0,0.0,0.0,0.0,0.0,132.6932258,5.326,B,114533,False,False,False,False,34,8,2010
2010-08-27,23,4,37415.42,False,63.25,2.77,0.0,0.0,0.0,0.0,0.0,132.6932258,5.326,B,114533,False,False,False,False,34,8,2010
2010-08-27,23,5,22109.73,False,63.25,2.77,0.0,0.0,0.0,0.0,0.0,132.6932258,5.326,B,114533,False,False,False,False,34,8,2010
2010-08-27,23,6,8377.78,False,63.25,2.77,0.0,0.0,0.0,0.0,0.0,132.6932258,5.326,B,114533,False,False,False,False,34,8,2010
2010-08-27,23,7,37995.14,False,63.25,2.77,0.0,0.0,0.0,0.0,0.0,132.6932258,5.326,B,114533,False,False,False,False,34,8,2010
2010-08-27,23,8,36321.4,False,63.25,2.77,0.0,0.0,0.0,0.0,0.0,132.6932258,5.326,B,114533,False,False,False,False,34,8,2010
2010-08-27,23,9,54685.22,False,63.25,2.77,0.0,0.0,0.0,0.0,0.0,132.6932258,5.326,B,114533,False,False,False,False,34,8,2010
2010-09-03,23,1,25411.88,False,72.91,2.735,0.0,0.0,0.0,0.0,0.0,132.7248387,5.326,B,114533,False,False,False,False,35,9,2010
2010-09-03,23,2,87964.35,False,72.91,2.735,0.0,0.0,0.0,0.0,0.0,132.7248387,5.326,B,114533,False,False,False,False,35,9,2010
2010-09-03,23,3,54870.09,False,72.91,2.735,0.0,0.0,0.0,0.0,0.0,132.7248387,5.326,B,114533,False,False,False,False,35,9,2010
2010-09-03,23,4,36074.94,False,72.91,2.735,0.0,0.0,0.0,0.0,0.0,132.7248387,5.326,B,114533,False,False,False,False,35,9,2010
2010-09-03,23,5,16253.58,False,72.91,2.735,0.0,0.0,0.0,0.0,0.0,132.7248387,5.326,B,114533,False,False,False,False,35,9,2010
2010-09-03,23,6,10009.26,False,72.91,2.735,0.0,0.0,0.0,0.0,0.0,132.7248387,5.326,B,114533,False,False,False,False,35,9,2010
2010-09-03,23,7,32669.29,False,72.91,2.735,0.0,0.0,0.0,0.0,0.0,132.7248387,5.326,B,114533,False,False,False,False,35,9,2010
2010-09-03,23,8,33560.52,False,72.91,2.735,0.0,0.0,0.0,0.0,0.0,132.7248387,5.326,B,114533,False,False,False,False,35,9,2010
2010-09-03,23,9,46917.77,False,72.91,2.735,0.0,0.0,0.0,0.0,0.0,132.7248387,5.326,B,114533,False,False,False,False,35,9,2010
2010-09-10,23,1,28617.2,True,63.21,2.717,0.0,0.0,0.0,0.0,0.0,132.7564516,5.326,B,114533,False,True,False,False,36,9,2010
2010-09-10,23,2,77833.01,True,63.21,2.717,0.0,0.0,0.0,0.0,0.0,132.7564516,5.326,B,114533,False,True,False,False,36,9,2010
2010-09-10,23,3,28162.01,True,63.21,2.717,0.0,0.0,0.0,0.0,0.0,132.7564516,5.326,B,114533,False,True,False,False,36,9,2010
2010-09-10,23,4,30317.38,True,63.21,2.717,0.0,0.0,0.0,0.0,0.0,132.7564516,5.326,B,114533,False,True,False,False,36,9,2010
2010-09-10,23,5,19445.35,True,63.21,2.717,0.0,0.0,0.0,0.0,0.0,132.7564516,5.326,B,114533,False,True,False,False,36,9,2010
2010-09-10,23,6,8181.76,True,63.21,2.717,0.0,0.0,0.0,0.0,0.0,132.7564516,5.326,B,114533,False,True,False,False,36,9,2010
2010-09-10,23,7,34940.73,True,63.21,2.717,0.0,0.0,0.0,0.0,0.0,132.7564516,5.326,B,114533,False,True,False,False,36,9,2010
2010-09-10,23,8,36826.3,True,63.21,2.717,0.0,0.0,0.0,0.0,0.0,132.7564516,5.326,B,114533,False,True,False,False,36,9,2010
2010-09-10,23,9,50085.77,True,63.21,2.717,0.0,0.0,0.0,0.0,0.0,132.7564516,5.326,B,114533,False,True,False,False,36,9,2010
2010-09-17,23,1,28454.77,False,55.3,2.716,0.0,0.0,0.0,0.0,0.0,132.7670667,5.326,B,114533,False,False,False,False,37,9,2010
2010-09-17,23,2,68218.78,False,55.3,2.716,0.0,0.0,0.0,0.0,0.0,132.7670667,5.326,B,114533,False,False,False,False,37,9,2010
2010-09-17,23,3,18145.36,False,55.3,2.716,0.0,0.0,0.0,0.0,0.0,132.7670667,5.326,B,114533,False,False,False,False,37,9,2010
2010-09-17,23,4,28744.46,False,55.3,2.716,0.0,0.0,0.0,0.0,0.0,132.7670667,5.326,B,114533,False,False,False,False,37,9,2010
2010-09-17,23,5,19867.37,False,55.3,2.716,0.0,0.0,0.0,0.0,0.0,132.7670667,5.326,B,114533,False,False,False,False,37,9,2010
2010-09-17,23,6,6965.12,False,55.3,2.716,0.0,0.0,0.0,0.0,0.0,132.7670667,5.326,B,114533,False,False,False,False,37,9,2010
2010-09-17,23,7,30027.32,False,55.3,2.716,0.0,0.0,0.0,0.0,0.0,132.7670667,5.326,B,114533,False,False,False,False,37,9,2010
2010-09-17,23,8,34113.7,False,55.3,2.716,0.0,0.0,0.0,0.0,0.0,132.7670667,5.326,B,114533,False,False,False,False,37,9,2010
2010-09-17,23,9,45163.02,False,55.3,2.716,0.0,0.0,0.0,0.0,0.0,132.7670667,5.326,B,114533,False,False,False,False,37,9,2010
2010-09-24,23,1,25118.4,False,57.75,2.718,0.0,0.0,0.0,0.0,0.0,132.7619333,5.326,B,114533,False,False,False,False,38,9,2010
2010-09-24,23,2,66046.14,False,57.75,2.718,0.0,0.0,0.0,0.0,0.0,132.7619333,5.326,B,114533,False,False,False,False,38,9,2010
2010-09-24,23,3,12404.29,False,57.75,2.718,0.0,0.0,0.0,0.0,0.0,132.7619333,5.326,B,114533,False,False,False,False,38,9,2010
2010-09-24,23,4,25213.72,False,57.75,2.718,0.0,0.0,0.0,0.0,0.0,132.7619333,5.326,B,114533,False,False,False,False,38,9,2010
2010-09-24,23,5,22783.18,False,57.75,2.718,0.0,0.0,0.0,0.0,0.0,132.7619333,5.326,B,114533,False,False,False,False,38,9,2010
2010-09-24,23,6,4809.05,False,57.75,2.718,0.0,0.0,0.0,0.0,0.0,132.7619333,5.326,B,114533,False,False,False,False,38,9,2010
2010-09-24,23,7,26815.2,False,57.75,2.718,0.0,0.0,0.0,0.0,0.0,132.7619333,5.326,B,114533,False,False,False,False,38,9,2010
2010-09-24,23,8,34825.35,False,57.75,2.718,0.0,0.0,0.0,0.0,0.0,132.7619333,5.326,B,114533,False,False,False,False,38,9,2010
2010-09-24,23,9,41578.37,False,57.75,2.718,0.0,0.0,0.0,0.0,0.0,132.7619333,5.326,B,114533,False,False,False,False,38,9,2010
2010-10-01,23,1,26639.49,False,62.07,2.717,0.0,0.0,0.0,0.0,0.0,132.7568,5.287,B,114533,False,False,False,False,39,10,2010
2010-10-01,23,2,65001.01,False,62.07,2.717,0.0,0.0,0.0,0.0,0.0,132.7568,5.287,B,114533,False,False,False,False,39,10,2010
2010-10-01,23,3,11867.32,False,62.07,2.717,0.0,0.0,0.0,0.0,0.0,132.7568,5.287,B,114533,False,False,False,False,39,10,2010
2010-10-01,23,4,25052.57,False,62.07,2.717,0.0,0.0,0.0,0.0,0.0,132.7568,5.287,B,114533,False,False,False,False,39,10,2010
2010-10-01,23,5,30687.17,False,62.07,2.717,0.0,0.0,0.0,0.0,0.0,132.7568,5.287,B,114533,False,False,False,False,39,10,2010
2010-10-01,23,6,6070.39,False,62.07,2.717,0.0,0.0,0.0,0.0,0.0,132.7568,5.287,B,114533,False,False,False,False,39,10,2010
2010-10-01,23,7,25342.88,False,62.07,2.717,0.0,0.0,0.0,0.0,0.0,132.7568,5.287,B,114533,False,False,False,False,39,10,2010
2010-10-01,23,8,34943.14,False,62.07,2.717,0.0,0.0,0.0,0.0,0.0,132.7568,5.287,B,114533,False,False,False,False,39,10,2010
2010-10-01,23,9,52876.32,False,62.07,2.717,0.0,0.0,0.0,0.0,0.0,132.7568,5.287,B,114533,False,False,False,False,39,10,2010
2010-10-08,23,1,31218.32,False,50.75,2.776,0.0,0.0,0.0,0.0,0.0,132.7516667,5.287,B,114533,False,False,False,False,40,10,2010
2010-10-08,23,2,66657.14,False,50.75,2.776,0.0,0.0,0.0,0.0,0.0,132.7516667,5.287,B,114533,False,False,False,False,40,10,2010
2010-10-08,23,3,13205.15,False,50.75,2.776,0.0,0.0,0.0,0.0,0.0,132.7516667,5.287,B,114533,False,False,False,False,40,10,2010
2010-10-08,23,4,25637.3,False,50.75,2.776,0.0,0.0,0.0,0.0,0.0,132.7516667,5.287,B,114533,False,False,False,False,40,10,2010
2010-10-08,23,5,32295.52,False,50.75,2.776,0.0,0.0,0.0,0.0,0.0,132.7516667,5.287,B,114533,False,False,False,False,40,10,2010
2010-10-08,23,6,6431.57,False,50.75,2.776,0.0,0.0,0.0,0.0,0.0,132.7516667,5.287,B,114533,False,False,False,False,40,10,2010
2010-10-08,23,7,23328.1,False,50.75,2.776,0.0,0.0,0.0,0.0,0.0,132.7516667,5.287,B,114533,False,False,False,False,40,10,2010
2010-10-08,23,8,31461.39,False,50.75,2.776,0.0,0.0,0.0,0.0,0.0,132.7516667,5.287,B,114533,False,False,False,False,40,10,2010
2010-10-08,23,9,45617.51,False,50.75,2.776,0.0,0.0,0.0,0.0,0.0,132.7516667,5.287,B,114533,False,False,False,False,40,10,2010
2010-10-15,23,1,38887.87,False,45.55,2.878,0.0,0.0,0.0,0.0,0.0,132.7633548,5.287,B,114533,False,False,False,False,41,10,2010
2010-10-15,23,2,63822.36,False,45.55,2.878,0.0,0.0,0.0,0.0,0.0,132.7633548,5.287,B,114533,False,False,False,False,41,10,2010
2010-10-15,23,3,12826.65,False,45.55,2.878,0.0,0.0,0.0,0.0,0.0,132.7633548,5.287,B,114533,False,False,False,False,41,10,2010
2010-10-15,23,4,22748.39,False,45.55,2.878,0.0,0.0,0.0,0.0,0.0,132.7633548,5.287,B,114533,False,False,False,False,41,10,2010
2010-10-15,23,5,34074.38,False,45.55,2.878,0.0,0.0,0.0,0.0,0.0,132.7633548,5.287,B,114533,False,False,False,False,41,10,2010
2010-10-15,23,6,4646.88,False,45.55,2.878,0.0,0.0,0.0,0.0,0.0,132.7633548,5.287,B,114533,False,False,False,False,41,10,2010
2010-10-15,23,7,27223.47,False,45.55,2.878,0.0,0.0,0.0,0.0,0.0,132.7633548,5.287,B,114533,False,False,False,False,41,10,2010
2010-10-15,23,8,30240.53,False,45.55,2.878,0.0,0.0,0.0,0.0,0.0,132.7633548,5.287,B,114533,False,False,False,False,41,10,2010
2010-10-15,23,9,41086.27,False,45.55,2.878,0.0,0.0,0.0,0.0,0.0,132.7633548,5.287,B,114533,False,False,False,False,41,10,2010
2010-10-22,23,1,49615.02,False,43.19,2.919,0.0,0.0,0.0,0.0,0.0,132.8170968,5.287,B,114533,False,False,False,False,42,10,2010
2010-10-22,23,2,57301.1,False,43.19,2.919,0.0,0.0,0.0,0.0,0.0,132.8170968,5.287,B,114533,False,False,False,False,42,10,2010
2010-10-22,23,3,12638.67,False,43.19,2.919,0.0,0.0,0.0,0.0,0.0,132.8170968,5.287,B,114533,False,False,False,False,42,10,2010
2010-10-22,23,4,21975.18,False,43.19,2.919,0.0,0.0,0.0,0.0,0.0,132.8170968,5.287,B,114533,False,False,False,False,42,10,2010
2010-10-22,23,5,34422.41,False,43.19,2.919,0.0,0.0,0.0,0.0,0.0,132.8170968,5.287,B,114533,False,False,False,False,42,10,2010
2010-10-22,23,6,5530.6,False,43.19,2.919,0.0,0.0,0.0,0.0,0.0,132.8170968,5.287,B,114533,False,False,False,False,42,10,2010
2010-10-22,23,7,30736.13,False,43.19,2.919,0.0,0.0,0.0,0.0,0.0,132.8170968,5.287,B,114533,False,False,False,False,42,10,2010
2010-10-22,23,8,34260.16,False,43.19,2.919,0.0,0.0,0.0,0.0,0.0,132.8170968,5.287,B,114533,False,False,False,False,42,10,2010
2010-10-22,23,9,38637.15,False,43.19,2.919,0.0,0.0,0.0,0.0,0.0,132.8170968,5.287,B,114533,False,False,False,False,42,10,2010
2010-10-29,23,1,62570.66,False,48.68,2.938,0.0,0.0,0.0,0.0,0.0,132.8708387,5.287,B,114533,False,False,False,False,43,10,2010
2010-10-29,23,2,59508.72,False,48.68,2.938,0.0,0.0,0.0,0.0,0.0,132.8708387,5.287,B,114533,False,False,False,False,43,10,2010
2010-10-29,23,3,12502.48,False,48.68,2.938,0.0,0.0,0.0,0.0,0.0,132.8708387,5.287,B,114533,False,False,False,False,43,10,2010
2010-10-29,23,4,22505.29,False,48.68,2.938,0.0,0.0,0.0,0.0,0.0,132.8708387,5.287,B,114533,False,False,False,False,43,10,2010
2010-10-29,23,5,28971.25,False,48.68,2.938,0.0,0.0,0.0,0.0,0.0,132.8708387,5.287,B,114533,False,False,False,False,43,10,2010
2010-10-29,23,6,5326.15,False,48.68,2.938,0.0,0.0,0.0,0.0,0.0,132.8708387,5.287,B,114533,False,False,False,False,43,10,2010
2010-10-29,23,7,26404.87,False,48.68,2.938,0.0,0.0,0.0,0.0,0.0,132.8708387,5.287,B,114533,False,False,False,False,43,10,2010
2010-10-29,23,8,32867.83,False,48.68,2.938,0.0,0.0,0.0,0.0,0.0,132.8708387,5.287,B,114533,False,False,False,False,43,10,2010
2010-10-29,23,9,41298.99,False,48.68,2.938,0.0,0.0,0.0,0.0,0.0,132.8708387,5.287,B,114533,False,False,False,False,43,10,2010
2010-11-05,23,1,40480.26,False,36.6,2.938,0.0,0.0,0.0,0.0,0.0,132.9245806,5.287,B,114533,False,False,False,False,44,11,2010
2010-11-05,23,2,60054.94,False,36.6,2.938,0.0,0.0,0.0,0.0,0.0,132.9245806,5.287,B,114533,False,False,False,False,44,11,2010
2010-11-05,23,3,12737.37,False,36.6,2.938,0.0,0.0,0.0,0.0,0.0,132.9245806,5.287,B,114533,False,False,False,False,44,11,2010
2010-11-05,23,4,22538.73,False,36.6,2.938,0.0,0.0,0.0,0.0,0.0,132.9245806,5.287,B,114533,False,False,False,False,44,11,2010
2010-11-05,23,5,34247.4,False,36.6,2.938,0.0,0.0,0.0,0.0,0.0,132.9245806,5.287,B,114533,False,False,False,False,44,11,2010
2010-11-05,23,6,6595.06,False,36.6,2.938,0.0,0.0,0.0,0.0,0.0,132.9245806,5.287,B,114533,False,False,False,False,44,11,2010
2010-11-05,23,7,31495.57,False,36.6,2.938,0.0,0.0,0.0,0.0,0.0,132.9245806,5.287,B,114533,False,False,False,False,44,11,2010
2010-11-05,23,8,35816.72,False,36.6,2.938,0.0,0.0,0.0,0.0,0.0,132.9245806,5.287,B,114533,False,False,False,False,44,11,2010
2010-11-05,23,9,47872.56,False,36.6,2.938,0.0,0.0,0.0,0.0,0.0,132.9245806,5.287,B,114533,False,False,False,False,44,11,2010
2010-11-12,23,1,24367.79,False,35.59,2.961,0.0,0.0,0.0,0.0,0.0,132.9783226,5.287,B,114533,False,False,False,False,45,11,2010
2010-11-12,23,2,63854.09,False,35.59,2.961,0.0,0.0,0.0,0.0,0.0,132.9783226,5.287,B,114533,False,False,False,False,45,11,2010
2010-11-12,23,3,15514.0,False,35.59,2.961,0.0,0.0,0.0,0.0,0.0,132.9783226,5.287,B,114533,False,False,False,False,45,11,2010
2010-11-12,23,4,24482.49,False,35.59,2.961,0.0,0.0,0.0,0.0,0.0,132.9783226,5.287,B,114533,False,False,False,False,45,11,2010
2010-11-12,23,5,47638.81,False,35.59,2.961,0.0,0.0,0.0,0.0,0.0,132.9783226,5.287,B,114533,False,False,False,False,45,11,2010
2010-11-12,23,6,7139.3,False,35.59,2.961,0.0,0.0,0.0,0.0,0.0,132.9783226,5.287,B,114533,False,False,False,False,45,11,2010
2010-11-12,23,7,43400.66,False,35.59,2.961,0.0,0.0,0.0,0.0,0.0,132.9783226,5.287,B,114533,False,False,False,False,45,11,2010
2010-11-12,23,8,40359.16,False,35.59,2.961,0.0,0.0,0.0,0.0,0.0,132.9783226,5.287,B,114533,False,False,False,False,45,11,2010
2010-11-12,23,9,51841.98,False,35.59,2.961,0.0,0.0,0.0,0.0,0.0,132.9783226,5.287,B,114533,False,False,False,False,45,11,2010
2010-11-19,23,1,26789.13,False,41.66,3.03,0.0,0.0,0.0,0.0,0.0,132.9172,5.287,B,114533,False,False,False,False,46,11,2010
2010-11-19,23,2,61333.63,False,41.66,3.03,0.0,0.0,0.0,0.0,0.0,132.9172,5.287,B,114533,False,False,False,False,46,11,2010
2010-11-19,23,3,15101.58,False,41.66,3.03,0.0,0.0,0.0,0.0,0.0,132.9172,5.287,B,114533,False,False,False,False,46,11,2010
2010-11-19,23,4,22974.29,False,41.66,3.03,0.0,0.0,0.0,0.0,0.0,132.9172,5.287,B,114533,False,False,False,False,46,11,2010
2010-11-19,23,5,41769.68,False,41.66,3.03,0.0,0.0,0.0,0.0,0.0,132.9172,5.287,B,114533,False,False,False,False,46,11,2010
2010-11-19,23,6,5178.11,False,41.66,3.03,0.0,0.0,0.0,0.0,0.0,132.9172,5.287,B,114533,False,False,False,False,46,11,2010
2010-11-19,23,7,53784.11,False,41.66,3.03,0.0,0.0,0.0,0.0,0.0,132.9172,5.287,B,114533,False,False,False,False,46,11,2010
2010-11-19,23,8,36432.65,False,41.66,3.03,0.0,0.0,0.0,0.0,0.0,132.9172,5.287,B,114533,False,False,False,False,46,11,2010
2010-11-19,23,9,32504.85,False,41.66,3.03,0.0,0.0,0.0,0.0,0.0,132.9172,5.287,B,114533,False,False,False,False,46,11,2010
2010-11-26,23,1,31584.1,True,34.95,3.07,0.0,0.0,0.0,0.0,0.0,132.8369333,5.287,B,114533,False,False,True,False,47,11,2010
2010-11-26,23,2,65104.32,True,34.95,3.07,0.0,0.0,0.0,0.0,0.0,132.8369333,5.287,B,114533,False,False,True,False,47,11,2010
2010-11-26,23,3,21971.95,True,34.95,3.07,0.0,0.0,0.0,0.0,0.0,132.8369333,5.287,B,114533,False,False,True,False,47,11,2010
2010-11-26,23,4,21860.43,True,34.95,3.07,0.0,0.0,0.0,0.0,0.0,132.8369333,5.287,B,114533,False,False,True,False,47,11,2010
2010-11-26,23,5,140290.65,True,34.95,3.07,0.0,0.0,0.0,0.0,0.0,132.8369333,5.287,B,114533,False,False,True,False,47,11,2010
2010-11-26,23,6,35079.83,True,34.95,3.07,0.0,0.0,0.0,0.0,0.0,132.8369333,5.287,B,114533,False,False,True,False,47,11,2010
2010-11-26,23,7,149770.96,True,34.95,3.07,0.0,0.0,0.0,0.0,0.0,132.8369333,5.287,B,114533,False,False,True,False,47,11,2010
2010-11-26,23,8,35155.8,True,34.95,3.07,0.0,0.0,0.0,0.0,0.0,132.8369333,5.287,B,114533,False,False,True,False,47,11,2010
2010-11-26,23,9,45851.75,True,34.95,3.07,0.0,0.0,0.0,0.0,0.0,132.8369333,5.287,B,114533,False,False,True,False,47,11,2010
2010-12-03,23,1,38643.86,False,34.3,3.065,0.0,0.0,0.0,0.0,0.0,132.7566667,5.287,B,114533,False,False,False,False,48,12,2010
2010-12-03,23,2,69075.53,False,34.3,3.065,0.0,0.0,0.0,0.0,0.0,132.7566667,5.287,B,114533,False,False,False,False,48,12,2010
2010-12-03,23,3,17580.93,False,34.3,3.065,0.0,0.0,0.0,0.0,0.0,132.7566667,5.287,B,114533,False,False,False,False,48,12,2010
2010-12-03,23,4,24071.56,False,34.3,3.065,0.0,0.0,0.0,0.0,0.0,132.7566667,5.287,B,114533,False,False,False,False,48,12,2010
2010-12-03,23,5,63126.49,False,34.3,3.065,0.0,0.0,0.0,0.0,0.0,132.7566667,5.287,B,114533,False,False,False,False,48,12,2010
2010-12-03,23,6,8742.53,False,34.3,3.065,0.0,0.0,0.0,0.0,0.0,132.7566667,5.287,B,114533,False,False,False,False,48,12,2010
2010-12-03,23,7,102703.96,False,34.3,3.065,0.0,0.0,0.0,0.0,0.0,132.7566667,5.287,B,114533,False,False,False,False,48,12,2010
2010-12-03,23,8,36947.13,False,34.3,3.065,0.0,0.0,0.0,0.0,0.0,132.7566667,5.287,B,114533,False,False,False,False,48,12,2010
2010-12-03,23,9,41679.18,False,34.3,3.065,0.0,0.0,0.0,0.0,0.0,132.7566667,5.287,B,114533,False,False,False,False,48,12,2010
2010-12-10,23,1,54543.65,False,20.12,3.132,0.0,0.0,0.0,0.0,0.0,132.6764,5.287,B,114533,False,False,False,False,49,12,2010
2010-12-10,23,2,77361.28,False,20.12,3.132,0.0,0.0,0.0,0.0,0.0,132.6764,5.287,B,114533,False,False,False,False,49,12,2010
2010-12-10,23,3,23273.13,False,20.12,3.132,0.0,0.0,0.0,0.0,0.0,132.6764,5.287,B,114533,False,False,False,False,49,12,2010
2010-12-10,23,4,22580.76,False,20.12,3.132,0.0,0.0,0.0,0.0,0.0,132.6764,5.287,B,114533,False,False,False,False,49,12,2010
2010-12-10,23,5,92670.9,False,20.12,3.132,0.0,0.0,0.0,0.0,0.0,132.6764,5.287,B,114533,False,False,False,False,49,12,2010
2010-12-10,23,6,16857.06,False,20.12,3.132,0.0,0.0,0.0,0.0,0.0,132.6764,5.287,B,114533,False,False,False,False,49,12,2010
2010-12-10,23,7,128414.19,False,20.12,3.132,0.0,0.0,0.0,0.0,0.0,132.6764,5.287,B,114533,False,False,False,False,49,12,2010
2010-12-10,23,8,40862.99,False,20.12,3.132,0.0,0.0,0.0,0.0,0.0,132.6764,5.287,B,114533,False,False,False,False,49,12,2010
2010-12-10,23,9,42050.13,False,20.12,3.132,0.0,0.0,0.0,0.0,0.0,132.6764,5.287,B,114533,False,False,False,False,49,12,2010
2010-12-17,23,1,79924.38,False,23.05,3.139,0.0,0.0,0.0,0.0,0.0,132.6804516,5.287,B,114533,False,False,False,False,50,12,2010
2010-12-17,23,2,95167.42,False,23.05,3.139,0.0,0.0,0.0,0.0,0.0,132.6804516,5.287,B,114533,False,False,False,False,50,12,2010
2010-12-17,23,3,28804.83,False,23.05,3.139,0.0,0.0,0.0,0.0,0.0,132.6804516,5.287,B,114533,False,False,False,False,50,12,2010
2010-12-17,23,4,23836.99,False,23.05,3.139,0.0,0.0,0.0,0.0,0.0,132.6804516,5.287,B,114533,False,False,False,False,50,12,2010
2010-12-17,23,5,130381.29,False,23.05,3.139,0.0,0.0,0.0,0.0,0.0,132.6804516,5.287,B,114533,False,False,False,False,50,12,2010
2010-12-17,23,6,22542.59,False,23.05,3.139,0.0,0.0,0.0,0.0,0.0,132.6804516,5.287,B,114533,False,False,False,False,50,12,2010
2010-12-17,23,7,166194.65,False,23.05,3.139,0.0,0.0,0.0,0.0,0.0,132.6804516,5.287,B,114533,False,False,False,False,50,12,2010
2010-12-17,23,8,43696.25,False,23.05,3.139,0.0,0.0,0.0,0.0,0.0,132.6804516,5.287,B,114533,False,False,False,False,50,12,2010
2010-12-17,23,9,59453.83,False,23.05,3.139,0.0,0.0,0.0,0.0,0.0,132.6804516,5.287,B,114533,False,False,False,False,50,12,2010
2010-12-24,23,1,105559.48,False,22.96,3.15,0.0,0.0,0.0,0.0,0.0,132.7477419,5.287,B,114533,False,False,False,False,51,12,2010
2010-12-24,23,2,117466.38,False,22.96,3.15,0.0,0.0,0.0,0.0,0.0,132.7477419,5.287,B,114533,False,False,False,False,51,12,2010
2010-12-24,23,3,35122.18,False,22.96,3.15,0.0,0.0,0.0,0.0,0.0,132.7477419,5.287,B,114533,False,False,False,False,51,12,2010
2010-12-24,23,4,24398.12,False,22.96,3.15,0.0,0.0,0.0,0.0,0.0,132.7477419,5.287,B,114533,False,False,False,False,51,12,2010
2010-12-24,23,5,160847.8,False,22.96,3.15,0.0,0.0,0.0,0.0,0.0,132.7477419,5.287,B,114533,False,False,False,False,51,12,2010
2010-12-24,23,6,35796.78,False,22.96,3.15,0.0,0.0,0.0,0.0,0.0,132.7477419,5.287,B,114533,False,False,False,False,51,12,2010
2010-12-24,23,7,218697.04,False,22.96,3.15,0.0,0.0,0.0,0.0,0.0,132.7477419,5.287,B,114533,False,False,False,False,51,12,2010
2010-12-24,23,8,52995.99,False,22.96,3.15,0.0,0.0,0.0,0.0,0.0,132.7477419,5.287,B,114533,False,False,False,False,51,12,2010
2010-12-24,23,9,92808.07,False,22.96,3.15,0.0,0.0,0.0,0.0,0.0,132.7477419,5.287,B,114533,False,False,False,False,51,12,2010
2010-12-31,23,1,20041.74,True,19.05,3.177,0.0,0.0,0.0,0.0,0.0,132.8150323,5.287,B,114533,False,False,False,True,52,12,2010
2010-12-31,23,2,52573.33,True,19.05,3.177,0.0,0.0,0.0,0.0,0.0,132.8150323,5.287,B,114533,False,False,False,True,52,12,2010
2010-12-31,23,3,11178.47,True,19.05,3.177,0.0,0.0,0.0,0.0,0.0,132.8150323,5.287,B,114533,False,False,False,True,52,12,2010
2010-12-31,23,4,24997.16,True,19.05,3.177,0.0,0.0,0.0,0.0,0.0,132.8150323,5.287,B,114533,False,False,False,True,52,12,2010
2010-12-31,23,5,47842.19,True,19.05,3.177,0.0,0.0,0.0,0.0,0.0,132.8150323,5.287,B,114533,False,False,False,True,52,12,2010
2010-12-31,23,6,5349.62,True,19.05,3.177,0.0,0.0,0.0,0.0,0.0,132.8150323,5.287,B,114533,False,False,False,True,52,12,2010
2010-12-31,23,7,27299.77,True,19.05,3.177,0.0,0.0,0.0,0.0,0.0,132.8150323,5.287,B,114533,False,False,False,True,52,12,2010
2010-12-31,23,8,30334.1,True,19.05,3.177,0.0,0.0,0.0,0.0,0.0,132.8150323,5.287,B,114533,False,False,False,True,52,12,2010
2010-12-31,23,9,23949.08,True,19.05,3.177,0.0,0.0,0.0,0.0,0.0,132.8150323,5.287,B,114533,False,False,False,True,52,12,2010
2011-01-07,23,1,16715.69,False,27.81,3.193,0.0,0.0,0.0,0.0,0.0,132.8823226,5.114,B,114533,False,False,False,False,1,1,2011
2011-01-07,23,2,54922.71,False,27.81,3.193,0.0,0.0,0.0,0.0,0.0,132.8823226,5.114,B,114533,False,False,False,False,1,1,2011
2011-01-07,23,3,16801.43,False,27.81,3.193,0.0,0.0,0.0,0.0,0.0,132.8823226,5.114,B,114533,False,False,False,False,1,1,2011
2011-01-07,23,4,27077.12,False,27.81,3.193,0.0,0.0,0.0,0.0,0.0,132.8823226,5.114,B,114533,False,False,False,False,1,1,2011
2011-01-07,23,5,34108.04,False,27.81,3.193,0.0,0.0,0.0,0.0,0.0,132.8823226,5.114,B,114533,False,False,False,False,1,1,2011
2011-01-07,23,6,3795.06,False,27.81,3.193,0.0,0.0,0.0,0.0,0.0,132.8823226,5.114,B,114533,False,False,False,False,1,1,2011
2011-01-07,23,7,21057.57,False,27.81,3.193,0.0,0.0,0.0,0.0,0.0,132.8823226,5.114,B,114533,False,False,False,False,1,1,2011
2011-01-07,23,8,32452.77,False,27.81,3.193,0.0,0.0,0.0,0.0,0.0,132.8823226,5.114,B,114533,False,False,False,False,1,1,2011
2011-01-07,23,9,23410.53,False,27.81,3.193,0.0,0.0,0.0,0.0,0.0,132.8823226,5.114,B,114533,False,False,False,False,1,1,2011
2011-01-14,23,1,17423.16,False,18.2,3.215,0.0,0.0,0.0,0.0,0.0,132.9510645,5.114,B,114533,False,False,False,False,2,1,2011
2011-01-14,23,2,50018.89,False,18.2,3.215,0.0,0.0,0.0,0.0,0.0,132.9510645,5.114,B,114533,False,False,False,False,2,1,2011
2011-01-14,23,3,17301.67,False,18.2,3.215,0.0,0.0,0.0,0.0,0.0,132.9510645,5.114,B,114533,False,False,False,False,2,1,2011
2011-01-14,23,4,22301.04,False,18.2,3.215,0.0,0.0,0.0,0.0,0.0,132.9510645,5.114,B,114533,False,False,False,False,2,1,2011
2011-01-14,23,5,25202.01,False,18.2,3.215,0.0,0.0,0.0,0.0,0.0,132.9510645,5.114,B,114533,False,False,False,False,2,1,2011
2011-01-14,23,6,2961.13,False,18.2,3.215,0.0,0.0,0.0,0.0,0.0,132.9510645,5.114,B,114533,False,False,False,False,2,1,2011
2011-01-14,23,7,19354.47,False,18.2,3.215,0.0,0.0,0.0,0.0,0.0,132.9510645,5.114,B,114533,False,False,False,False,2,1,2011
2011-01-14,23,8,31384.37,False,18.2,3.215,0.0,0.0,0.0,0.0,0.0,132.9510645,5.114,B,114533,False,False,False,False,2,1,2011
2011-01-14,23,9,20615.4,False,18.2,3.215,0.0,0.0,0.0,0.0,0.0,132.9510645,5.114,B,114533,False,False,False,False,2,1,2011
2011-01-21,23,1,21415.71,False,15.58,3.232,0.0,0.0,0.0,0.0,0.0,133.0285161,5.114,B,114533,False,False,False,False,3,1,2011
2011-01-21,23,2,58906.42,False,15.58,3.232,0.0,0.0,0.0,0.0,0.0,133.0285161,5.114,B,114533,False,False,False,False,3,1,2011
2011-01-21,23,3,20975.77,False,15.58,3.232,0.0,0.0,0.0,0.0,0.0,133.0285161,5.114,B,114533,False,False,False,False,3,1,2011
2011-01-21,23,4,24425.8,False,15.58,3.232,0.0,0.0,0.0,0.0,0.0,133.0285161,5.114,B,114533,False,False,False,False,3,1,2011
2011-01-21,23,5,26251.63,False,15.58,3.232,0.0,0.0,0.0,0.0,0.0,133.0285161,5.114,B,114533,False,False,False,False,3,1,2011
2011-01-21,23,6,3087.25,False,15.58,3.232,0.0,0.0,0.0,0.0,0.0,133.0285161,5.114,B,114533,False,False,False,False,3,1,2011
2011-01-21,23,7,21710.13,False,15.58,3.232,0.0,0.0,0.0,0.0,0.0,133.0285161,5.114,B,114533,False,False,False,False,3,1,2011
2011-01-21,23,8,33567.78,False,15.58,3.232,0.0,0.0,0.0,0.0,0.0,133.0285161,5.114,B,114533,False,False,False,False,3,1,2011
2011-01-21,23,9,21545.41,False,15.58,3.232,0.0,0.0,0.0,0.0,0.0,133.0285161,5.114,B,114533,False,False,False,False,3,1,2011
2011-01-28,23,1,22234.76,False,10.91,3.243,0.0,0.0,0.0,0.0,0.0,133.1059677,5.114,B,114533,False,False,False,False,4,1,2011
2011-01-28,23,2,54160.2,False,10.91,3.243,0.0,0.0,0.0,0.0,0.0,133.1059677,5.114,B,114533,False,False,False,False,4,1,2011
2011-01-28,23,3,16895.48,False,10.91,3.243,0.0,0.0,0.0,0.0,0.0,133.1059677,5.114,B,114533,False,False,False,False,4,1,2011
2011-01-28,23,4,22247.52,False,10.91,3.243,0.0,0.0,0.0,0.0,0.0,133.1059677,5.114,B,114533,False,False,False,False,4,1,2011
2011-01-28,23,5,32735.41,False,10.91,3.243,0.0,0.0,0.0,0.0,0.0,133.1059677,5.114,B,114533,False,False,False,False,4,1,2011
2011-01-28,23,6,4299.23,False,10.91,3.243,0.0,0.0,0.0,0.0,0.0,133.1059677,5.114,B,114533,False,False,False,False,4,1,2011
2011-01-28,23,7,20091.16,False,10.91,3.243,0.0,0.0,0.0,0.0,0.0,133.1059677,5.114,B,114533,False,False,False,False,4,1,2011
2011-01-28,23,8,31450.97,False,10.91,3.243,0.0,0.0,0.0,0.0,0.0,133.1059677,5.114,B,114533,False,False,False,False,4,1,2011
2011-01-28,23,9,21016.68,False,10.91,3.243,0.0,0.0,0.0,0.0,0.0,133.1059677,5.114,B,114533,False,False,False,False,4,1,2011
2011-02-04,23,1,26869.74,False,14.5,3.24,0.0,0.0,0.0,0.0,0.0,133.1834194,5.114,B,114533,False,False,False,False,5,2,2011
2011-02-04,23,2,54031.36,False,14.5,3.24,0.0,0.0,0.0,0.0,0.0,133.1834194,5.114,B,114533,False,False,False,False,5,2,2011
2011-02-04,23,3,14547.83,False,14.5,3.24,0.0,0.0,0.0,0.0,0.0,133.1834194,5.114,B,114533,False,False,False,False,5,2,2011
2011-02-04,23,4,23085.68,False,14.5,3.24,0.0,0.0,0.0,0.0,0.0,133.1834194,5.114,B,114533,False,False,False,False,5,2,2011
2011-02-04,23,5,34802.27,False,14.5,3.24,0.0,0.0,0.0,0.0,0.0,133.1834194,5.114,B,114533,False,False,False,False,5,2,2011
2011-02-04,23,6,3940.19,False,14.5,3.24,0.0,0.0,0.0,0.0,0.0,133.1834194,5.114,B,114533,False,False,False,False,5,2,2011
2011-02-04,23,7,23760.91,False,14.5,3.24,0.0,0.0,0.0,0.0,0.0,133.1834194,5.114,B,114533,False,False,False,False,5,2,2011
2011-02-04,23,8,34087.06,False,14.5,3.24,0.0,0.0,0.0,0.0,0.0,133.1834194,5.114,B,114533,False,False,False,False,5,2,2011
2011-02-04,23,9,20903.62,False,14.5,3.24,0.0,0.0,0.0,0.0,0.0,133.1834194,5.114,B,114533,False,False,False,False,5,2,2011
2011-02-11,23,1,43500.89,True,21.52,3.255,0.0,0.0,0.0,0.0,0.0,133.260871,5.114,B,114533,True,False,False,False,6,2,2011
2011-02-11,23,2,58380.34,True,21.52,3.255,0.0,0.0,0.0,0.0,0.0,133.260871,5.114,B,114533,True,False,False,False,6,2,2011
2011-02-11,23,3,14580.49,True,21.52,3.255,0.0,0.0,0.0,0.0,0.0,133.260871,5.114,B,114533,True,False,False,False,6,2,2011
2011-02-11,23,4,23002.57,True,21.52,3.255,0.0,0.0,0.0,0.0,0.0,133.260871,5.114,B,114533,True,False,False,False,6,2,2011
2011-02-11,23,5,36077.48,True,21.52,3.255,0.0,0.0,0.0,0.0,0.0,133.260871,5.114,B,114533,True,False,False,False,6,2,2011
2011-02-11,23,6,6058.74,True,21.52,3.255,0.0,0.0,0.0,0.0,0.0,133.260871,5.114,B,114533,True,False,False,False,6,2,2011
2011-02-11,23,7,25987.93,True,21.52,3.255,0.0,0.0,0.0,0.0,0.0,133.260871,5.114,B,114533,True,False,False,False,6,2,2011
2011-02-11,23,8,34344.71,True,21.52,3.255,0.0,0.0,0.0,0.0,0.0,133.260871,5.114,B,114533,True,False,False,False,6,2,2011
2011-02-11,23,9,21048.32,True,21.52,3.255,0.0,0.0,0.0,0.0,0.0,133.260871,5.114,B,114533,True,False,False,False,6,2,2011
2011-02-18,23,1,41773.63,False,26.6,3.263,0.0,0.0,0.0,0.0,0.0,133.3701429,5.114,B,114533,False,False,False,False,7,2,2011
2011-02-18,23,2,64232.34,False,26.6,3.263,0.0,0.0,0.0,0.0,0.0,133.3701429,5.114,B,114533,False,False,False,False,7,2,2011
2011-02-18,23,3,14616.39,False,26.6,3.263,0.0,0.0,0.0,0.0,0.0,133.3701429,5.114,B,114533,False,False,False,False,7,2,2011
2011-02-18,23,4,24913.77,False,26.6,3.263,0.0,0.0,0.0,0.0,0.0,133.3701429,5.114,B,114533,False,False,False,False,7,2,2011
2011-02-18,23,5,39925.82,False,26.6,3.263,0.0,0.0,0.0,0.0,0.0,133.3701429,5.114,B,114533,False,False,False,False,7,2,2011
2011-02-18,23,6,5771.79,False,26.6,3.263,0.0,0.0,0.0,0.0,0.0,133.3701429,5.114,B,114533,False,False,False,False,7,2,2011
2011-02-18,23,7,27534.25,False,26.6,3.263,0.0,0.0,0.0,0.0,0.0,133.3701429,5.114,B,114533,False,False,False,False,7,2,2011
2011-02-18,23,8,38794.59,False,26.6,3.263,0.0,0.0,0.0,0.0,0.0,133.3701429,5.114,B,114533,False,False,False,False,7,2,2011
2011-02-18,23,9,28050.96,False,26.6,3.263,0.0,0.0,0.0,0.0,0.0,133.3701429,5.114,B,114533,False,False,False,False,7,2,2011
2011-02-25,23,1,21667.28,False,17.0,3.281,0.0,0.0,0.0,0.0,0.0,133.4921429,5.114,B,114533,False,False,False,False,8,2,2011
2011-02-25,23,2,60907.46,False,17.0,3.281,0.0,0.0,0.0,0.0,0.0,133.4921429,5.114,B,114533,False,False,False,False,8,2,2011
2011-02-25,23,3,13111.37,False,17.0,3.281,0.0,0.0,0.0,0.0,0.0,133.4921429,5.114,B,114533,False,False,False,False,8,2,2011
2011-02-25,23,4,25362.96,False,17.0,3.281,0.0,0.0,0.0,0.0,0.0,133.4921429,5.114,B,114533,False,False,False,False,8,2,2011
2011-02-25,23,5,39790.64,False,17.0,3.281,0.0,0.0,0.0,0.0,0.0,133.4921429,5.114,B,114533,False,False,False,False,8,2,2011
2011-02-25,23,6,4549.78,False,17.0,3.281,0.0,0.0,0.0,0.0,0.0,133.4921429,5.114,B,114533,False,False,False,False,8,2,2011
2011-02-25,23,7,28522.86,False,17.0,3.281,0.0,0.0,0.0,0.0,0.0,133.4921429,5.114,B,114533,False,False,False,False,8,2,2011
2011-02-25,23,8,33456.7,False,17.0,3.281,0.0,0.0,0.0,0.0,0.0,133.4921429,5.114,B,114533,False,False,False,False,8,2,2011
2011-02-25,23,9,25891.21,False,17.0,3.281,0.0,0.0,0.0,0.0,0.0,133.4921429,5.114,B,114533,False,False,False,False,8,2,2011
2011-03-04,23,1,24331.71,False,20.67,3.437,0.0,0.0,0.0,0.0,0.0,133.6141429,5.114,B,114533,False,False,False,False,9,3,2011
2011-03-04,23,2,64397.61,False,20.67,3.437,0.0,0.0,0.0,0.0,0.0,133.6141429,5.114,B,114533,False,False,False,False,9,3,2011
2011-03-04,23,3,14218.3,False,20.67,3.437,0.0,0.0,0.0,0.0,0.0,133.6141429,5.114,B,114533,False,False,False,False,9,3,2011
2011-03-04,23,4,28807.51,False,20.67,3.437,0.0,0.0,0.0,0.0,0.0,133.6141429,5.114,B,114533,False,False,False,False,9,3,2011
2011-03-04,23,5,48180.53,False,20.67,3.437,0.0,0.0,0.0,0.0,0.0,133.6141429,5.114,B,114533,False,False,False,False,9,3,2011
2011-03-04,23,6,5053.7,False,20.67,3.437,0.0,0.0,0.0,0.0,0.0,133.6141429,5.114,B,114533,False,False,False,False,9,3,2011
2011-03-04,23,7,29660.45,False,20.67,3.437,0.0,0.0,0.0,0.0,0.0,133.6141429,5.114,B,114533,False,False,False,False,9,3,2011
2011-03-04,23,8,38674.31,False,20.67,3.437,0.0,0.0,0.0,0.0,0.0,133.6141429,5.114,B,114533,False,False,False,False,9,3,2011
2011-03-04,23,9,24955.88,False,20.67,3.437,0.0,0.0,0.0,0.0,0.0,133.6141429,5.114,B,114533,False,False,False,False,9,3,2011
2011-03-11,23,1,21008.97,False,29.36,3.6,0.0,0.0,0.0,0.0,0.0,133.7361429,5.114,B,114533,False,False,False,False,10,3,2011
2011-03-11,23,2,53517.72,False,29.36,3.6,0.0,0.0,0.0,0.0,0.0,133.7361429,5.114,B,114533,False,False,False,False,10,3,2011
2011-03-11,23,3,10131.7,False,29.36,3.6,0.0,0.0,0.0,0.0,0.0,133.7361429,5.114,B,114533,False,False,False,False,10,3,2011
2011-03-11,23,4,22169.5,False,29.36,3.6,0.0,0.0,0.0,0.0,0.0,133.7361429,5.114,B,114533,False,False,False,False,10,3,2011
2011-03-11,23,5,35853.74,False,29.36,3.6,0.0,0.0,0.0,0.0,0.0,133.7361429,5.114,B,114533,False,False,False,False,10,3,2011
2011-03-11,23,6,1886.67,False,29.36,3.6,0.0,0.0,0.0,0.0,0.0,133.7361429,5.114,B,114533,False,False,False,False,10,3,2011
2011-03-11,23,7,24061.92,False,29.36,3.6,0.0,0.0,0.0,0.0,0.0,133.7361429,5.114,B,114533,False,False,False,False,10,3,2011
2011-03-11,23,8,30676.47,False,29.36,3.6,0.0,0.0,0.0,0.0,0.0,133.7361429,5.114,B,114533,False,False,False,False,10,3,2011
2011-03-11,23,9,22010.72,False,29.36,3.6,0.0,0.0,0.0,0.0,0.0,133.7361429,5.114,B,114533,False,False,False,False,10,3,2011
2011-03-18,23,1,24772.35,False,37.28,3.634,0.0,0.0,0.0,0.0,0.0,133.8492258,5.114,B,114533,False,False,False,False,11,3,2011
2011-03-18,23,2,62429.36,False,37.28,3.634,0.0,0.0,0.0,0.0,0.0,133.8492258,5.114,B,114533,False,False,False,False,11,3,2011
2011-03-18,23,3,13097.25,False,37.28,3.634,0.0,0.0,0.0,0.0,0.0,133.8492258,5.114,B,114533,False,False,False,False,11,3,2011
2011-03-18,23,4,25111.09,False,37.28,3.634,0.0,0.0,0.0,0.0,0.0,133.8492258,5.114,B,114533,False,False,False,False,11,3,2011
2011-03-18,23,5,33142.73,False,37.28,3.634,0.0,0.0,0.0,0.0,0.0,133.8492258,5.114,B,114533,False,False,False,False,11,3,2011
2011-03-18,23,6,3893.74,False,37.28,3.634,0.0,0.0,0.0,0.0,0.0,133.8492258,5.114,B,114533,False,False,False,False,11,3,2011
2011-03-18,23,7,30578.47,False,37.28,3.634,0.0,0.0,0.0,0.0,0.0,133.8492258,5.114,B,114533,False,False,False,False,11,3,2011
2011-03-18,23,8,35903.38,False,37.28,3.634,0.0,0.0,0.0,0.0,0.0,133.8492258,5.114,B,114533,False,False,False,False,11,3,2011
2011-03-18,23,9,29608.3,False,37.28,3.634,0.0,0.0,0.0,0.0,0.0,133.8492258,5.114,B,114533,False,False,False,False,11,3,2011
2011-03-25,23,1,24107.49,False,29.11,3.624,0.0,0.0,0.0,0.0,0.0,133.9587419,5.114,B,114533,False,False,False,False,12,3,2011
2011-03-25,23,2,60108.61,False,29.11,3.624,0.0,0.0,0.0,0.0,0.0,133.9587419,5.114,B,114533,False,False,False,False,12,3,2011
2011-03-25,23,3,12099.61,False,29.11,3.624,0.0,0.0,0.0,0.0,0.0,133.9587419,5.114,B,114533,False,False,False,False,12,3,2011
2011-03-25,23,4,22660.92,False,29.11,3.624,0.0,0.0,0.0,0.0,0.0,133.9587419,5.114,B,114533,False,False,False,False,12,3,2011
2011-03-25,23,5,26873.51,False,29.11,3.624,0.0,0.0,0.0,0.0,0.0,133.9587419,5.114,B,114533,False,False,False,False,12,3,2011
2011-03-25,23,6,5622.0,False,29.11,3.624,0.0,0.0,0.0,0.0,0.0,133.9587419,5.114,B,114533,False,False,False,False,12,3,2011
2011-03-25,23,7,30371.01,False,29.11,3.624,0.0,0.0,0.0,0.0,0.0,133.9587419,5.114,B,114533,False,False,False,False,12,3,2011
2011-03-25,23,8,33297.27,False,29.11,3.624,0.0,0.0,0.0,0.0,0.0,133.9587419,5.114,B,114533,False,False,False,False,12,3,2011
2011-03-25,23,9,32172.94,False,29.11,3.624,0.0,0.0,0.0,0.0,0.0,133.9587419,5.114,B,114533,False,False,False,False,12,3,2011
2011-04-01,23,1,26797.13,False,29.44,3.638,0.0,0.0,0.0,0.0,0.0,134.0682581,4.781,B,114533,False,False,False,False,13,4,2011
2011-04-01,23,2,57761.7,False,29.44,3.638,0.0,0.0,0.0,0.0,0.0,134.0682581,4.781,B,114533,False,False,False,False,13,4,2011
2011-04-01,23,3,11941.1,False,29.44,3.638,0.0,0.0,0.0,0.0,0.0,134.0682581,4.781,B,114533,False,False,False,False,13,4,2011
2011-04-01,23,4,23261.23,False,29.44,3.638,0.0,0.0,0.0,0.0,0.0,134.0682581,4.781,B,114533,False,False,False,False,13,4,2011
2011-04-01,23,5,33520.02,False,29.44,3.638,0.0,0.0,0.0,0.0,0.0,134.0682581,4.781,B,114533,False,False,False,False,13,4,2011
2011-04-01,23,6,4779.05,False,29.44,3.638,0.0,0.0,0.0,0.0,0.0,134.0682581,4.781,B,114533,False,False,False,False,13,4,2011
2011-04-01,23,7,28580.72,False,29.44,3.638,0.0,0.0,0.0,0.0,0.0,134.0682581,4.781,B,114533,False,False,False,False,13,4,2011
2011-04-01,23,8,34424.37,False,29.44,3.638,0.0,0.0,0.0,0.0,0.0,134.0682581,4.781,B,114533,False,False,False,False,13,4,2011
2011-04-01,23,9,30905.11,False,29.44,3.638,0.0,0.0,0.0,0.0,0.0,134.0682581,4.781,B,114533,False,False,False,False,13,4,2011
2011-04-08,23,1,37220.41,False,36.74,3.72,0.0,0.0,0.0,0.0,0.0,134.1777742,4.781,B,114533,False,False,False,False,14,4,2011
2011-04-08,23,2,60738.96,False,36.74,3.72,0.0,0.0,0.0,0.0,0.0,134.1777742,4.781,B,114533,False,False,False,False,14,4,2011
2011-04-08,23,3,13310.41,False,36.74,3.72,0.0,0.0,0.0,0.0,0.0,134.1777742,4.781,B,114533,False,False,False,False,14,4,2011
2011-04-08,23,4,24788.96,False,36.74,3.72,0.0,0.0,0.0,0.0,0.0,134.1777742,4.781,B,114533,False,False,False,False,14,4,2011
2011-04-08,23,5,36187.55,False,36.74,3.72,0.0,0.0,0.0,0.0,0.0,134.1777742,4.781,B,114533,False,False,False,False,14,4,2011
2011-04-08,23,6,6049.69,False,36.74,3.72,0.0,0.0,0.0,0.0,0.0,134.1777742,4.781,B,114533,False,False,False,False,14,4,2011
2011-04-08,23,7,33579.77,False,36.74,3.72,0.0,0.0,0.0,0.0,0.0,134.1777742,4.781,B,114533,False,False,False,False,14,4,2011
2011-04-08,23,8,35850.2,False,36.74,3.72,0.0,0.0,0.0,0.0,0.0,134.1777742,4.781,B,114533,False,False,False,False,14,4,2011
2011-04-08,23,9,35699.6,False,36.74,3.72,0.0,0.0,0.0,0.0,0.0,134.1777742,4.781,B,114533,False,False,False,False,14,4,2011
2011-04-15,23,1,51884.37,False,45.51,3.823,0.0,0.0,0.0,0.0,0.0,134.2784667,4.781,B,114533,False,False,False,False,15,4,2011
2011-04-15,23,2,60211.39,False,45.51,3.823,0.0,0.0,0.0,0.0,0.0,134.2784667,4.781,B,114533,False,False,False,False,15,4,2011
2011-04-15,23,3,11376.68,False,45.51,3.823,0.0,0.0,0.0,0.0,0.0,134.2784667,4.781,B,114533,False,False,False,False,15,4,2011
2011-04-15,23,4,22380.65,False,45.51,3.823,0.0,0.0,0.0,0.0,0.0,134.2784667,4.781,B,114533,False,False,False,False,15,4,2011
2011-04-15,23,5,36904.64,False,45.51,3.823,0.0,0.0,0.0,0.0,0.0,134.2784667,4.781,B,114533,False,False,False,False,15,4,2011
2011-04-15,23,6,8580.65,False,45.51,3.823,0.0,0.0,0.0,0.0,0.0,134.2784667,4.781,B,114533,False,False,False,False,15,4,2011
2011-04-15,23,7,44417.81,False,45.51,3.823,0.0,0.0,0.0,0.0,0.0,134.2784667,4.781,B,114533,False,False,False,False,15,4,2011
2011-04-15,23,8,35156.69,False,45.51,3.823,0.0,0.0,0.0,0.0,0.0,134.2784667,4.781,B,114533,False,False,False,False,15,4,2011
2011-04-15,23,9,45343.32,False,45.51,3.823,0.0,0.0,0.0,0.0,0.0,134.2784667,4.781,B,114533,False,False,False,False,15,4,2011
2011-04-22,23,1,104542.27,False,39.62,3.919,0.0,0.0,0.0,0.0,0.0,134.3571,4.781,B,114533,False,False,False,False,16,4,2011
2011-04-22,23,2,64770.63,False,39.62,3.919,0.0,0.0,0.0,0.0,0.0,134.3571,4.781,B,114533,False,False,False,False,16,4,2011
2011-04-22,23,3,15754.8,False,39.62,3.919,0.0,0.0,0.0,0.0,0.0,134.3571,4.781,B,114533,False,False,False,False,16,4,2011
2011-04-22,23,4,23061.53,False,39.62,3.919,0.0,0.0,0.0,0.0,0.0,134.3571,4.781,B,114533,False,False,False,False,16,4,2011
2011-04-22,23,5,47530.98,False,39.62,3.919,0.0,0.0,0.0,0.0,0.0,134.3571,4.781,B,114533,False,False,False,False,16,4,2011
2011-04-22,23,6,6640.9,False,39.62,3.919,0.0,0.0,0.0,0.0,0.0,134.3571,4.781,B,114533,False,False,False,False,16,4,2011
2011-04-22,23,7,57750.83,False,39.62,3.919,0.0,0.0,0.0,0.0,0.0,134.3571,4.781,B,114533,False,False,False,False,16,4,2011
2011-04-22,23,8,35160.98,False,39.62,3.919,0.0,0.0,0.0,0.0,0.0,134.3571,4.781,B,114533,False,False,False,False,16,4,2011
2011-04-22,23,9,55565.01,False,39.62,3.919,0.0,0.0,0.0,0.0,0.0,134.3571,4.781,B,114533,False,False,False,False,16,4,2011
2011-04-29,23,1,44779.08,False,54.2,3.988,0.0,0.0,0.0,0.0,0.0,134.4357333,4.781,B,114533,False,False,False,False,17,4,2011
2011-04-29,23,2,55036.8,False,54.2,3.988,0.0,0.0,0.0,0.0,0.0,134.4357333,4.781,B,114533,False,False,False,False,17,4,2011
2011-04-29,23,3,10684.47,False,54.2,3.988,0.0,0.0,0.0,0.0,0.0,134.4357333,4.781,B,114533,False,False,False,False,17,4,2011
2011-04-29,23,4,21023.96,False,54.2,3.988,0.0,0.0,0.0,0.0,0.0,134.4357333,4.781,B,114533,False,False,False,False,17,4,2011
2011-04-29,23,5,27816.94,False,54.2,3.988,0.0,0.0,0.0,0.0,0.0,134.4357333,4.781,B,114533,False,False,False,False,17,4,2011
2011-04-29,23,6,8025.72,False,54.2,3.988,0.0,0.0,0.0,0.0,0.0,134.4357333,4.781,B,114533,False,False,False,False,17,4,2011
2011-04-29,23,7,32807.58,False,54.2,3.988,0.0,0.0,0.0,0.0,0.0,134.4357333,4.781,B,114533,False,False,False,False,17,4,2011
2011-04-29,23,8,29649.14,False,54.2,3.988,0.0,0.0,0.0,0.0,0.0,134.4357333,4.781,B,114533,False,False,False,False,17,4,2011
2011-04-29,23,9,49912.68,False,54.2,3.988,0.0,0.0,0.0,0.0,0.0,134.4357333,4.781,B,114533,False,False,False,False,17,4,2011
2011-05-06,23,1,20926.14,False,50.07,4.078,0.0,0.0,0.0,0.0,0.0,134.5143667,4.781,B,114533,False,False,False,False,18,5,2011
2011-05-06,23,2,60535.01,False,50.07,4.078,0.0,0.0,0.0,0.0,0.0,134.5143667,4.781,B,114533,False,False,False,False,18,5,2011
2011-05-06,23,3,11720.57,False,50.07,4.078,0.0,0.0,0.0,0.0,0.0,134.5143667,4.781,B,114533,False,False,False,False,18,5,2011
2011-05-06,23,4,25334.87,False,50.07,4.078,0.0,0.0,0.0,0.0,0.0,134.5143667,4.781,B,114533,False,False,False,False,18,5,2011
2011-05-06,23,5,17461.44,False,50.07,4.078,0.0,0.0,0.0,0.0,0.0,134.5143667,4.781,B,114533,False,False,False,False,18,5,2011
2011-05-06,23,6,7144.21,False,50.07,4.078,0.0,0.0,0.0,0.0,0.0,134.5143667,4.781,B,114533,False,False,False,False,18,5,2011
2011-05-06,23,7,43462.41,False,50.07,4.078,0.0,0.0,0.0,0.0,0.0,134.5143667,4.781,B,114533,False,False,False,False,18,5,2011
2011-05-06,23,8,34788.51,False,50.07,4.078,0.0,0.0,0.0,0.0,0.0,134.5143667,4.781,B,114533,False,False,False,False,18,5,2011
2011-05-06,23,9,46887.47,False,50.07,4.078,0.0,0.0,0.0,0.0,0.0,134.5143667,4.781,B,114533,False,False,False,False,18,5,2011
2011-05-13,23,1,19936.0,False,55.12,4.095,0.0,0.0,0.0,0.0,0.0,134.593,4.781,B,114533,False,False,False,False,19,5,2011
2011-05-13,23,2,56240.21,False,55.12,4.095,0.0,0.0,0.0,0.0,0.0,134.593,4.781,B,114533,False,False,False,False,19,5,2011
2011-05-13,23,3,10927.68,False,55.12,4.095,0.0,0.0,0.0,0.0,0.0,134.593,4.781,B,114533,False,False,False,False,19,5,2011
2011-05-13,23,4,21664.35,False,55.12,4.095,0.0,0.0,0.0,0.0,0.0,134.593,4.781,B,114533,False,False,False,False,19,5,2011
2011-05-13,23,5,18810.01,False,55.12,4.095,0.0,0.0,0.0,0.0,0.0,134.593,4.781,B,114533,False,False,False,False,19,5,2011
2011-05-13,23,6,6909.86,False,55.12,4.095,0.0,0.0,0.0,0.0,0.0,134.593,4.781,B,114533,False,False,False,False,19,5,2011
2011-05-13,23,7,35583.53,False,55.12,4.095,0.0,0.0,0.0,0.0,0.0,134.593,4.781,B,114533,False,False,False,False,19,5,2011
2011-05-13,23,8,29810.47,False,55.12,4.095,0.0,0.0,0.0,0.0,0.0,134.593,4.781,B,114533,False,False,False,False,19,5,2011
2011-05-13,23,9,46321.93,False,55.12,4.095,0.0,0.0,0.0,0.0,0.0,134.593,4.781,B,114533,False,False,False,False,19,5,2011
2011-05-20,23,1,20972.16,False,56.67,4.101,0.0,0.0,0.0,0.0,0.0,134.6803871,4.781,B,114533,False,False,False,False,20,5,2011
2011-05-20,23,2,60399.2,False,56.67,4.101,0.0,0.0,0.0,0.0,0.0,134.6803871,4.781,B,114533,False,False,False,False,20,5,2011
2011-05-20,23,3,12625.12,False,56.67,4.101,0.0,0.0,0.0,0.0,0.0,134.6803871,4.781,B,114533,False,False,False,False,20,5,2011
2011-05-20,23,4,26229.23,False,56.67,4.101,0.0,0.0,0.0,0.0,0.0,134.6803871,4.781,B,114533,False,False,False,False,20,5,2011
2011-05-20,23,5,23039.89,False,56.67,4.101,0.0,0.0,0.0,0.0,0.0,134.6803871,4.781,B,114533,False,False,False,False,20,5,2011
2011-05-20,23,6,6327.78,False,56.67,4.101,0.0,0.0,0.0,0.0,0.0,134.6803871,4.781,B,114533,False,False,False,False,20,5,2011
2011-05-20,23,7,36057.09,False,56.67,4.101,0.0,0.0,0.0,0.0,0.0,134.6803871,4.781,B,114533,False,False,False,False,20,5,2011
2011-05-20,23,8,35105.22,False,56.67,4.101,0.0,0.0,0.0,0.0,0.0,134.6803871,4.781,B,114533,False,False,False,False,20,5,2011
2011-05-20,23,9,52209.39,False,56.67,4.101,0.0,0.0,0.0,0.0,0.0,134.6803871,4.781,B,114533,False,False,False,False,20,5,2011
2011-05-27,23,1,21853.57,False,63.27,4.034,0.0,0.0,0.0,0.0,0.0,134.7677742,4.781,B,114533,False,False,False,False,21,5,2011
2011-05-27,23,2,62059.77,False,63.27,4.034,0.0,0.0,0.0,0.0,0.0,134.7677742,4.781,B,114533,False,False,False,False,21,5,2011
2011-05-27,23,3,11420.89,False,63.27,4.034,0.0,0.0,0.0,0.0,0.0,134.7677742,4.781,B,114533,False,False,False,False,21,5,2011
2011-05-27,23,4,26730.55,False,63.27,4.034,0.0,0.0,0.0,0.0,0.0,134.7677742,4.781,B,114533,False,False,False,False,21,5,2011
2011-05-27,23,5,20477.29,False,63.27,4.034,0.0,0.0,0.0,0.0,0.0,134.7677742,4.781,B,114533,False,False,False,False,21,5,2011
2011-05-27,23,6,6765.16,False,63.27,4.034,0.0,0.0,0.0,0.0,0.0,134.7677742,4.781,B,114533,False,False,False,False,21,5,2011
2011-05-27,23,7,36558.52,False,63.27,4.034,0.0,0.0,0.0,0.0,0.0,134.7677742,4.781,B,114533,False,False,False,False,21,5,2011
2011-05-27,23,8,33930.61,False,63.27,4.034,0.0,0.0,0.0,0.0,0.0,134.7677742,4.781,B,114533,False,False,False,False,21,5,2011
2011-05-27,23,9,58659.36,False,63.27,4.034,0.0,0.0,0.0,0.0,0.0,134.7677742,4.781,B,114533,False,False,False,False,21,5,2011
2011-06-03,23,1,20516.54,False,67.21,3.973,0.0,0.0,0.0,0.0,0.0,134.8551613,4.781,B,114533,False,False,False,False,22,6,2011
2011-06-03,23,2,69965.17,False,67.21,3.973,0.0,0.0,0.0,0.0,0.0,134.8551613,4.781,B,114533,False,False,False,False,22,6,2011
2011-06-03,23,3,12212.75,False,67.21,3.973,0.0,0.0,0.0,0.0,0.0,134.8551613,4.781,B,114533,False,False,False,False,22,6,2011
2011-06-03,23,4,33092.33,False,67.21,3.973,0.0,0.0,0.0,0.0,0.0,134.8551613,4.781,B,114533,False,False,False,False,22,6,2011
2011-06-03,23,5,24517.0,False,67.21,3.973,0.0,0.0,0.0,0.0,0.0,134.8551613,4.781,B,114533,False,False,False,False,22,6,2011
2011-06-03,23,6,6659.08,False,67.21,3.973,0.0,0.0,0.0,0.0,0.0,134.8551613,4.781,B,114533,False,False,False,False,22,6,2011
2011-06-03,23,7,42619.47,False,67.21,3.973,0.0,0.0,0.0,0.0,0.0,134.8551613,4.781,B,114533,False,False,False,False,22,6,2011
2011-06-03,23,8,36865.9,False,67.21,3.973,0.0,0.0,0.0,0.0,0.0,134.8551613,4.781,B,114533,False,False,False,False,22,6,2011
2011-06-03,23,9,61473.86,False,67.21,3.973,0.0,0.0,0.0,0.0,0.0,134.8551613,4.781,B,114533,False,False,False,False,22,6,2011
2011-06-10,23,1,21333.81,False,65.23,3.924,0.0,0.0,0.0,0.0,0.0,134.9425484,4.781,B,114533,False,False,False,False,23,6,2011
2011-06-10,23,2,68317.57,False,65.23,3.924,0.0,0.0,0.0,0.0,0.0,134.9425484,4.781,B,114533,False,False,False,False,23,6,2011
2011-06-10,23,3,9601.8,False,65.23,3.924,0.0,0.0,0.0,0.0,0.0,134.9425484,4.781,B,114533,False,False,False,False,23,6,2011
2011-06-10,23,4,28895.34,False,65.23,3.924,0.0,0.0,0.0,0.0,0.0,134.9425484,4.781,B,114533,False,False,False,False,23,6,2011
2011-06-10,23,5,24495.8,False,65.23,3.924,0.0,0.0,0.0,0.0,0.0,134.9425484,4.781,B,114533,False,False,False,False,23,6,2011
2011-06-10,23,6,8212.22,False,65.23,3.924,0.0,0.0,0.0,0.0,0.0,134.9425484,4.781,B,114533,False,False,False,False,23,6,2011
2011-06-10,23,7,46086.02,False,65.23,3.924,0.0,0.0,0.0,0.0,0.0,134.9425484,4.781,B,114533,False,False,False,False,23,6,2011
2011-06-10,23,8,34682.15,False,65.23,3.924,0.0,0.0,0.0,0.0,0.0,134.9425484,4.781,B,114533,False,False,False,False,23,6,2011
2011-06-10,23,9,61209.08,False,65.23,3.924,0.0,0.0,0.0,0.0,0.0,134.9425484,4.781,B,114533,False,False,False,False,23,6,2011
2011-06-17,23,1,23031.85,False,61.06,3.873,0.0,0.0,0.0,0.0,0.0,135.0837333,4.781,B,114533,False,False,False,False,24,6,2011
2011-06-17,23,2,68079.79,False,61.06,3.873,0.0,0.0,0.0,0.0,0.0,135.0837333,4.781,B,114533,False,False,False,False,24,6,2011
2011-06-17,23,3,11788.97,False,61.06,3.873,0.0,0.0,0.0,0.0,0.0,135.0837333,4.781,B,114533,False,False,False,False,24,6,2011
2011-06-17,23,4,29767.72,False,61.06,3.873,0.0,0.0,0.0,0.0,0.0,135.0837333,4.781,B,114533,False,False,False,False,24,6,2011
2011-06-17,23,5,32768.35,False,61.06,3.873,0.0,0.0,0.0,0.0,0.0,135.0837333,4.781,B,114533,False,False,False,False,24,6,2011
2011-06-17,23,6,9716.25,False,61.06,3.873,0.0,0.0,0.0,0.0,0.0,135.0837333,4.781,B,114533,False,False,False,False,24,6,2011
2011-06-17,23,7,46267.94,False,61.06,3.873,0.0,0.0,0.0,0.0,0.0,135.0837333,4.781,B,114533,False,False,False,False,24,6,2011
2011-06-17,23,8,35445.95,False,61.06,3.873,0.0,0.0,0.0,0.0,0.0,135.0837333,4.781,B,114533,False,False,False,False,24,6,2011
2011-06-17,23,9,75877.53,False,61.06,3.873,0.0,0.0,0.0,0.0,0.0,135.0837333,4.781,B,114533,False,False,False,False,24,6,2011
2011-06-24,23,1,23254.79,False,63.8,3.851,0.0,0.0,0.0,0.0,0.0,135.2652667,4.781,B,114533,False,False,False,False,25,6,2011
2011-06-24,23,2,66781.9,False,63.8,3.851,0.0,0.0,0.0,0.0,0.0,135.2652667,4.781,B,114533,False,False,False,False,25,6,2011
2011-06-24,23,3,12128.83,False,63.8,3.851,0.0,0.0,0.0,0.0,0.0,135.2652667,4.781,B,114533,False,False,False,False,25,6,2011
2011-06-24,23,4,28346.64,False,63.8,3.851,0.0,0.0,0.0,0.0,0.0,135.2652667,4.781,B,114533,False,False,False,False,25,6,2011
2011-06-24,23,5,25848.7,False,63.8,3.851,0.0,0.0,0.0,0.0,0.0,135.2652667,4.781,B,114533,False,False,False,False,25,6,2011
2011-06-24,23,6,8429.19,False,63.8,3.851,0.0,0.0,0.0,0.0,0.0,135.2652667,4.781,B,114533,False,False,False,False,25,6,2011
2011-06-24,23,7,47692.37,False,63.8,3.851,0.0,0.0,0.0,0.0,0.0,135.2652667,4.781,B,114533,False,False,False,False,25,6,2011
2011-06-24,23,8,37347.87,False,63.8,3.851,0.0,0.0,0.0,0.0,0.0,135.2652667,4.781,B,114533,False,False,False,False,25,6,2011
2011-06-24,23,9,82044.65,False,63.8,3.851,0.0,0.0,0.0,0.0,0.0,135.2652667,4.781,B,114533,False,False,False,False,25,6,2011
2011-07-01,23,1,26193.1,False,65.65,3.815,0.0,0.0,0.0,0.0,0.0,135.4468,4.584,B,114533,False,False,False,False,26,7,2011
2011-07-01,23,2,71719.28,False,65.65,3.815,0.0,0.0,0.0,0.0,0.0,135.4468,4.584,B,114533,False,False,False,False,26,7,2011
2011-07-01,23,3,13183.87,False,65.65,3.815,0.0,0.0,0.0,0.0,0.0,135.4468,4.584,B,114533,False,False,False,False,26,7,2011
2011-07-01,23,4,32998.15,False,65.65,3.815,0.0,0.0,0.0,0.0,0.0,135.4468,4.584,B,114533,False,False,False,False,26,7,2011
2011-07-01,23,5,26980.27,False,65.65,3.815,0.0,0.0,0.0,0.0,0.0,135.4468,4.584,B,114533,False,False,False,False,26,7,2011
2011-07-01,23,6,7762.8,False,65.65,3.815,0.0,0.0,0.0,0.0,0.0,135.4468,4.584,B,114533,False,False,False,False,26,7,2011
2011-07-01,23,7,49775.92,False,65.65,3.815,0.0,0.0,0.0,0.0,0.0,135.4468,4.584,B,114533,False,False,False,False,26,7,2011
2011-07-01,23,8,37728.66,False,65.65,3.815,0.0,0.0,0.0,0.0,0.0,135.4468,4.584,B,114533,False,False,False,False,26,7,2011
2011-07-01,23,9,94355.26,False,65.65,3.815,0.0,0.0,0.0,0.0,0.0,135.4468,4.584,B,114533,False,False,False,False,26,7,2011
2011-07-08,23,1,21501.23,False,69.92,3.784,0.0,0.0,0.0,0.0,0.0,135.6283333,4.584,B,114533,False,False,False,False,27,7,2011
2011-07-08,23,2,67288.77,False,69.92,3.784,0.0,0.0,0.0,0.0,0.0,135.6283333,4.584,B,114533,False,False,False,False,27,7,2011
2011-07-08,23,3,13359.38,False,69.92,3.784,0.0,0.0,0.0,0.0,0.0,135.6283333,4.584,B,114533,False,False,False,False,27,7,2011
2011-07-08,23,4,27864.84,False,69.92,3.784,0.0,0.0,0.0,0.0,0.0,135.6283333,4.584,B,114533,False,False,False,False,27,7,2011
2011-07-08,23,5,22418.07,False,69.92,3.784,0.0,0.0,0.0,0.0,0.0,135.6283333,4.584,B,114533,False,False,False,False,27,7,2011
2011-07-08,23,6,5818.5,False,69.92,3.784,0.0,0.0,0.0,0.0,0.0,135.6283333,4.584,B,114533,False,False,False,False,27,7,2011
2011-07-08,23,7,50290.16,False,69.92,3.784,0.0,0.0,0.0,0.0,0.0,135.6283333,4.584,B,114533,False,False,False,False,27,7,2011
2011-07-08,23,8,34603.99,False,69.92,3.784,0.0,0.0,0.0,0.0,0.0,135.6283333,4.584,B,114533,False,False,False,False,27,7,2011
2011-07-08,23,9,81546.82,False,69.92,3.784,0.0,0.0,0.0,0.0,0.0,135.6283333,4.584,B,114533,False,False,False,False,27,7,2011
2011-07-15,23,1,22895.88,False,69.8,3.827,0.0,0.0,0.0,0.0,0.0,135.7837419,4.584,B,114533,False,False,False,False,28,7,2011
2011-07-15,23,2,68893.65,False,69.8,3.827,0.0,0.0,0.0,0.0,0.0,135.7837419,4.584,B,114533,False,False,False,False,28,7,2011
2011-07-15,23,3,19448.0,False,69.8,3.827,0.0,0.0,0.0,0.0,0.0,135.7837419,4.584,B,114533,False,False,False,False,28,7,2011
2011-07-15,23,4,29185.85,False,69.8,3.827,0.0,0.0,0.0,0.0,0.0,135.7837419,4.584,B,114533,False,False,False,False,28,7,2011
2011-07-15,23,5,22557.32,False,69.8,3.827,0.0,0.0,0.0,0.0,0.0,135.7837419,4.584,B,114533,False,False,False,False,28,7,2011
2011-07-15,23,6,8781.22,False,69.8,3.827,0.0,0.0,0.0,0.0,0.0,135.7837419,4.584,B,114533,False,False,False,False,28,7,2011
2011-07-15,23,7,38087.18,False,69.8,3.827,0.0,0.0,0.0,0.0,0.0,135.7837419,4.584,B,114533,False,False,False,False,28,7,2011
2011-07-15,23,8,36218.45,False,69.8,3.827,0.0,0.0,0.0,0.0,0.0,135.7837419,4.584,B,114533,False,False,False,False,28,7,2011
2011-07-15,23,9,67385.72,False,69.8,3.827,0.0,0.0,0.0,0.0,0.0,135.7837419,4.584,B,114533,False,False,False,False,28,7,2011
2011-07-22,23,1,24103.36,False,76.74,3.882,0.0,0.0,0.0,0.0,0.0,135.8738387,4.584,B,114533,False,False,False,False,29,7,2011
2011-07-22,23,2,71247.74,False,76.74,3.882,0.0,0.0,0.0,0.0,0.0,135.8738387,4.584,B,114533,False,False,False,False,29,7,2011
2011-07-22,23,3,20128.8,False,76.74,3.882,0.0,0.0,0.0,0.0,0.0,135.8738387,4.584,B,114533,False,False,False,False,29,7,2011
2011-07-22,23,4,28766.5,False,76.74,3.882,0.0,0.0,0.0,0.0,0.0,135.8738387,4.584,B,114533,False,False,False,False,29,7,2011
2011-07-22,23,5,23312.76,False,76.74,3.882,0.0,0.0,0.0,0.0,0.0,135.8738387,4.584,B,114533,False,False,False,False,29,7,2011
2011-07-22,23,6,7031.8,False,76.74,3.882,0.0,0.0,0.0,0.0,0.0,135.8738387,4.584,B,114533,False,False,False,False,29,7,2011
2011-07-22,23,7,35682.3,False,76.74,3.882,0.0,0.0,0.0,0.0,0.0,135.8738387,4.584,B,114533,False,False,False,False,29,7,2011
2011-07-22,23,8,34317.42,False,76.74,3.882,0.0,0.0,0.0,0.0,0.0,135.8738387,4.584,B,114533,False,False,False,False,29,7,2011
2011-07-22,23,9,73366.05,False,76.74,3.882,0.0,0.0,0.0,0.0,0.0,135.8738387,4.584,B,114533,False,False,False,False,29,7,2011
2011-07-29,23,1,26240.48,False,69.55,3.898,0.0,0.0,0.0,0.0,0.0,135.9639355,4.584,B,114533,False,False,False,False,30,7,2011
2011-07-29,23,2,70236.04,False,69.55,3.898,0.0,0.0,0.0,0.0,0.0,135.9639355,4.584,B,114533,False,False,False,False,30,7,2011
2011-07-29,23,3,25963.57,False,69.55,3.898,0.0,0.0,0.0,0.0,0.0,135.9639355,4.584,B,114533,False,False,False,False,30,7,2011
2011-07-29,23,4,29928.66,False,69.55,3.898,0.0,0.0,0.0,0.0,0.0,135.9639355,4.584,B,114533,False,False,False,False,30,7,2011
2011-07-29,23,5,22841.44,False,69.55,3.898,0.0,0.0,0.0,0.0,0.0,135.9639355,4.584,B,114533,False,False,False,False,30,7,2011
2011-07-29,23,6,6933.76,False,69.55,3.898,0.0,0.0,0.0,0.0,0.0,135.9639355,4.584,B,114533,False,False,False,False,30,7,2011
2011-07-29,23,7,31007.92,False,69.55,3.898,0.0,0.0,0.0,0.0,0.0,135.9639355,4.584,B,114533,False,False,False,False,30,7,2011
2011-07-29,23,8,35283.62,False,69.55,3.898,0.0,0.0,0.0,0.0,0.0,135.9639355,4.584,B,114533,False,False,False,False,30,7,2011
2011-07-29,23,9,64649.74,False,69.55,3.898,0.0,0.0,0.0,0.0,0.0,135.9639355,4.584,B,114533,False,False,False,False,30,7,2011
2011-08-05,23,1,24767.89,False,69.53,3.903,0.0,0.0,0.0,0.0,0.0,136.0540323,4.584,B,114533,False,False,False,False,31,8,2011
2011-08-05,23,2,75963.6,False,69.53,3.903,0.0,0.0,0.0,0.0,0.0,136.0540323,4.584,B,114533,False,False,False,False,31,8,2011
2011-08-05,23,3,31887.61,False,69.53,3.903,0.0,0.0,0.0,0.0,0.0,136.0540323,4.584,B,114533,False,False,False,False,31,8,2011
2011-08-05,23,4,33191.21,False,69.53,3.903,0.0,0.0,0.0,0.0,0.0,136.0540323,4.584,B,114533,False,False,False,False,31,8,2011
2011-08-05,23,5,25996.02,False,69.53,3.903,0.0,0.0,0.0,0.0,0.0,136.0540323,4.584,B,114533,False,False,False,False,31,8,2011
2011-08-05,23,6,5835.15,False,69.53,3.903,0.0,0.0,0.0,0.0,0.0,136.0540323,4.584,B,114533,False,False,False,False,31,8,2011
2011-08-05,23,7,32916.69,False,69.53,3.903,0.0,0.0,0.0,0.0,0.0,136.0540323,4.584,B,114533,False,False,False,False,31,8,2011
2011-08-05,23,8,36711.76,False,69.53,3.903,0.0,0.0,0.0,0.0,0.0,136.0540323,4.584,B,114533,False,False,False,False,31,8,2011
2011-08-05,23,9,58996.07,False,69.53,3.903,0.0,0.0,0.0,0.0,0.0,136.0540323,4.584,B,114533,False,False,False,False,31,8,2011
2011-08-12,23,1,23885.64,False,69.86,3.88,0.0,0.0,0.0,0.0,0.0,136.144129,4.584,B,114533,False,False,False,False,32,8,2011
2011-08-12,23,2,74819.05,False,69.86,3.88,0.0,0.0,0.0,0.0,0.0,136.144129,4.584,B,114533,False,False,False,False,32,8,2011
2011-08-12,23,3,43358.35,False,69.86,3.88,0.0,0.0,0.0,0.0,0.0,136.144129,4.584,B,114533,False,False,False,False,32,8,2011
2011-08-12,23,4,29810.29,False,69.86,3.88,0.0,0.0,0.0,0.0,0.0,136.144129,4.584,B,114533,False,False,False,False,32,8,2011
2011-08-12,23,5,26851.01,False,69.86,3.88,0.0,0.0,0.0,0.0,0.0,136.144129,4.584,B,114533,False,False,False,False,32,8,2011
2011-08-12,23,6,7021.86,False,69.86,3.88,0.0,0.0,0.0,0.0,0.0,136.144129,4.584,B,114533,False,False,False,False,32,8,2011
2011-08-12,23,7,32619.03,False,69.86,3.88,0.0,0.0,0.0,0.0,0.0,136.144129,4.584,B,114533,False,False,False,False,32,8,2011
2011-08-12,23,8,34197.18,False,69.86,3.88,0.0,0.0,0.0,0.0,0.0,136.144129,4.584,B,114533,False,False,False,False,32,8,2011
2011-08-12,23,9,59722.84,False,69.86,3.88,0.0,0.0,0.0,0.0,0.0,136.144129,4.584,B,114533,False,False,False,False,32,8,2011
2011-08-19,23,1,23779.88,False,67.09,3.82,0.0,0.0,0.0,0.0,0.0,136.183129,4.584,B,114533,False,False,False,False,33,8,2011
2011-08-19,23,2,84415.83,False,67.09,3.82,0.0,0.0,0.0,0.0,0.0,136.183129,4.584,B,114533,False,False,False,False,33,8,2011
2011-08-19,23,3,52165.5,False,67.09,3.82,0.0,0.0,0.0,0.0,0.0,136.183129,4.584,B,114533,False,False,False,False,33,8,2011
2011-08-19,23,4,30867.99,False,67.09,3.82,0.0,0.0,0.0,0.0,0.0,136.183129,4.584,B,114533,False,False,False,False,33,8,2011
2011-08-19,23,5,28882.45,False,67.09,3.82,0.0,0.0,0.0,0.0,0.0,136.183129,4.584,B,114533,False,False,False,False,33,8,2011
2011-08-19,23,6,5573.92,False,67.09,3.82,0.0,0.0,0.0,0.0,0.0,136.183129,4.584,B,114533,False,False,False,False,33,8,2011
2011-08-19,23,7,32855.29,False,67.09,3.82,0.0,0.0,0.0,0.0,0.0,136.183129,4.584,B,114533,False,False,False,False,33,8,2011
2011-08-19,23,8,35299.55,False,67.09,3.82,0.0,0.0,0.0,0.0,0.0,136.183129,4.584,B,114533,False,False,False,False,33,8,2011
2011-08-19,23,9,52642.86,False,67.09,3.82,0.0,0.0,0.0,0.0,0.0,136.183129,4.584,B,114533,False,False,False,False,33,8,2011
2011-08-26,23,1,25240.0,False,67.04,3.796,0.0,0.0,0.0,0.0,0.0,136.2136129,4.584,B,114533,False,False,False,False,34,8,2011
2011-08-26,23,2,93965.46,False,67.04,3.796,0.0,0.0,0.0,0.0,0.0,136.2136129,4.584,B,114533,False,False,False,False,34,8,2011
2011-08-26,23,3,73298.45,False,67.04,3.796,0.0,0.0,0.0,0.0,0.0,136.2136129,4.584,B,114533,False,False,False,False,34,8,2011
2011-08-26,23,4,37263.09,False,67.04,3.796,0.0,0.0,0.0,0.0,0.0,136.2136129,4.584,B,114533,False,False,False,False,34,8,2011
2011-08-26,23,5,27404.63,False,67.04,3.796,0.0,0.0,0.0,0.0,0.0,136.2136129,4.584,B,114533,False,False,False,False,34,8,2011
2011-08-26,23,6,6643.53,False,67.04,3.796,0.0,0.0,0.0,0.0,0.0,136.2136129,4.584,B,114533,False,False,False,False,34,8,2011
2011-08-26,23,7,30021.78,False,67.04,3.796,0.0,0.0,0.0,0.0,0.0,136.2136129,4.584,B,114533,False,False,False,False,34,8,2011
2011-08-26,23,8,37939.09,False,67.04,3.796,0.0,0.0,0.0,0.0,0.0,136.2136129,4.584,B,114533,False,False,False,False,34,8,2011
2011-08-26,23,9,56812.39,False,67.04,3.796,0.0,0.0,0.0,0.0,0.0,136.2136129,4.584,B,114533,False,False,False,False,34,8,2011
2011-09-02,23,1,24343.48,False,65.33,3.784,0.0,0.0,0.0,0.0,0.0,136.2440968,4.584,B,114533,False,False,False,False,35,9,2011
2011-09-02,23,2,79350.47,False,65.33,3.784,0.0,0.0,0.0,0.0,0.0,136.2440968,4.584,B,114533,False,False,False,False,35,9,2011
2011-09-02,23,3,55857.55,False,65.33,3.784,0.0,0.0,0.0,0.0,0.0,136.2440968,4.584,B,114533,False,False,False,False,35,9,2011
2011-09-02,23,4,32635.51,False,65.33,3.784,0.0,0.0,0.0,0.0,0.0,136.2440968,4.584,B,114533,False,False,False,False,35,9,2011
2011-09-02,23,5,24818.5,False,65.33,3.784,0.0,0.0,0.0,0.0,0.0,136.2440968,4.584,B,114533,False,False,False,False,35,9,2011
2011-09-02,23,6,5115.87,False,65.33,3.784,0.0,0.0,0.0,0.0,0.0,136.2440968,4.584,B,114533,False,False,False,False,35,9,2011
2011-09-02,23,7,26724.37,False,65.33,3.784,0.0,0.0,0.0,0.0,0.0,136.2440968,4.584,B,114533,False,False,False,False,35,9,2011
2011-09-02,23,8,36131.16,False,65.33,3.784,0.0,0.0,0.0,0.0,0.0,136.2440968,4.584,B,114533,False,False,False,False,35,9,2011
2011-09-02,23,9,45437.33,False,65.33,3.784,0.0,0.0,0.0,0.0,0.0,136.2440968,4.584,B,114533,False,False,False,False,35,9,2011
2011-09-09,23,1,26184.96,True,66.04,3.809,0.0,0.0,0.0,0.0,0.0,136.2745806,4.584,B,114533,False,True,False,False,36,9,2011
2011-09-09,23,2,77354.16,True,66.04,3.809,0.0,0.0,0.0,0.0,0.0,136.2745806,4.584,B,114533,False,True,False,False,36,9,2011
2011-09-09,23,3,28092.1,True,66.04,3.809,0.0,0.0,0.0,0.0,0.0,136.2745806,4.584,B,114533,False,True,False,False,36,9,2011
2011-09-09,23,4,33297.82,True,66.04,3.809,0.0,0.0,0.0,0.0,0.0,136.2745806,4.584,B,114533,False,True,False,False,36,9,2011
2011-09-09,23,5,26967.51,True,66.04,3.809,0.0,0.0,0.0,0.0,0.0,136.2745806,4.584,B,114533,False,True,False,False,36,9,2011
2011-09-09,23,6,6408.48,True,66.04,3.809,0.0,0.0,0.0,0.0,0.0,136.2745806,4.584,B,114533,False,True,False,False,36,9,2011
2011-09-09,23,7,26857.93,True,66.04,3.809,0.0,0.0,0.0,0.0,0.0,136.2745806,4.584,B,114533,False,True,False,False,36,9,2011
2011-09-09,23,8,41214.72,True,66.04,3.809,0.0,0.0,0.0,0.0,0.0,136.2745806,4.584,B,114533,False,True,False,False,36,9,2011
2011-09-09,23,9,47144.67,True,66.04,3.809,0.0,0.0,0.0,0.0,0.0,136.2745806,4.584,B,114533,False,True,False,False,36,9,2011
2011-09-16,23,1,25064.03,False,60.52,3.809,0.0,0.0,0.0,0.0,0.0,136.3145,4.584,B,114533,False,False,False,False,37,9,2011
2011-09-16,23,2,64312.22,False,60.52,3.809,0.0,0.0,0.0,0.0,0.0,136.3145,4.584,B,114533,False,False,False,False,37,9,2011
2011-09-16,23,3,17834.95,False,60.52,3.809,0.0,0.0,0.0,0.0,0.0,136.3145,4.584,B,114533,False,False,False,False,37,9,2011
2011-09-16,23,4,27448.55,False,60.52,3.809,0.0,0.0,0.0,0.0,0.0,136.3145,4.584,B,114533,False,False,False,False,37,9,2011
2011-09-16,23,5,28189.26,False,60.52,3.809,0.0,0.0,0.0,0.0,0.0,136.3145,4.584,B,114533,False,False,False,False,37,9,2011
2011-09-16,23,6,4733.72,False,60.52,3.809,0.0,0.0,0.0,0.0,0.0,136.3145,4.584,B,114533,False,False,False,False,37,9,2011
2011-09-16,23,7,25624.19,False,60.52,3.809,0.0,0.0,0.0,0.0,0.0,136.3145,4.584,B,114533,False,False,False,False,37,9,2011
2011-09-16,23,8,36133.03,False,60.52,3.809,0.0,0.0,0.0,0.0,0.0,136.3145,4.584,B,114533,False,False,False,False,37,9,2011
2011-09-16,23,9,41889.8,False,60.52,3.809,0.0,0.0,0.0,0.0,0.0,136.3145,4.584,B,114533,False,False,False,False,37,9,2011
2011-09-23,23,1,28029.0,False,57.14,3.758,0.0,0.0,0.0,0.0,0.0,136.367,4.584,B,114533,False,False,False,False,38,9,2011
2011-09-23,23,2,63828.04,False,57.14,3.758,0.0,0.0,0.0,0.0,0.0,136.367,4.584,B,114533,False,False,False,False,38,9,2011
2011-09-23,23,3,15154.5,False,57.14,3.758,0.0,0.0,0.0,0.0,0.0,136.367,4.584,B,114533,False,False,False,False,38,9,2011
2011-09-23,23,4,28031.58,False,57.14,3.758,0.0,0.0,0.0,0.0,0.0,136.367,4.584,B,114533,False,False,False,False,38,9,2011
2011-09-23,23,5,30564.08,False,57.14,3.758,0.0,0.0,0.0,0.0,0.0,136.367,4.584,B,114533,False,False,False,False,38,9,2011
2011-09-23,23,6,1791.65,False,57.14,3.758,0.0,0.0,0.0,0.0,0.0,136.367,4.584,B,114533,False,False,False,False,38,9,2011
2011-09-23,23,7,24019.17,False,57.14,3.758,0.0,0.0,0.0,0.0,0.0,136.367,4.584,B,114533,False,False,False,False,38,9,2011
2011-09-23,23,8,37525.41,False,57.14,3.758,0.0,0.0,0.0,0.0,0.0,136.367,4.584,B,114533,False,False,False,False,38,9,2011
2011-09-23,23,9,46269.25,False,57.14,3.758,0.0,0.0,0.0,0.0,0.0,136.367,4.584,B,114533,False,False,False,False,38,9,2011
2011-09-30,23,1,27494.7,False,64.76,3.684,0.0,0.0,0.0,0.0,0.0,136.4195,4.584,B,114533,False,False,False,False,39,9,2011
2011-09-30,23,2,64498.86,False,64.76,3.684,0.0,0.0,0.0,0.0,0.0,136.4195,4.584,B,114533,False,False,False,False,39,9,2011
2011-09-30,23,3,13916.73,False,64.76,3.684,0.0,0.0,0.0,0.0,0.0,136.4195,4.584,B,114533,False,False,False,False,39,9,2011
2011-09-30,23,4,27710.87,False,64.76,3.684,0.0,0.0,0.0,0.0,0.0,136.4195,4.584,B,114533,False,False,False,False,39,9,2011
2011-09-30,23,5,33103.72,False,64.76,3.684,0.0,0.0,0.0,0.0,0.0,136.4195,4.584,B,114533,False,False,False,False,39,9,2011
2011-09-30,23,6,5690.54,False,64.76,3.684,0.0,0.0,0.0,0.0,0.0,136.4195,4.584,B,114533,False,False,False,False,39,9,2011
2011-09-30,23,7,25123.97,False,64.76,3.684,0.0,0.0,0.0,0.0,0.0,136.4195,4.584,B,114533,False,False,False,False,39,9,2011
2011-09-30,23,8,36360.65,False,64.76,3.684,0.0,0.0,0.0,0.0,0.0,136.4195,4.584,B,114533,False,False,False,False,39,9,2011
2011-09-30,23,9,48983.14,False,64.76,3.684,0.0,0.0,0.0,0.0,0.0,136.4195,4.584,B,114533,False,False,False,False,39,9,2011
2011-10-07,23,1,33732.46,False,49.0,3.633,0.0,0.0,0.0,0.0,0.0,136.472,4.42,B,114533,False,False,False,False,40,10,2011
2011-10-07,23,2,70676.59,False,49.0,3.633,0.0,0.0,0.0,0.0,0.0,136.472,4.42,B,114533,False,False,False,False,40,10,2011
2011-10-07,23,3,13534.83,False,49.0,3.633,0.0,0.0,0.0,0.0,0.0,136.472,4.42,B,114533,False,False,False,False,40,10,2011
2011-10-07,23,4,31578.32,False,49.0,3.633,0.0,0.0,0.0,0.0,0.0,136.472,4.42,B,114533,False,False,False,False,40,10,2011
2011-10-07,23,5,41494.03,False,49.0,3.633,0.0,0.0,0.0,0.0,0.0,136.472,4.42,B,114533,False,False,False,False,40,10,2011
2011-10-07,23,6,4032.75,False,49.0,3.633,0.0,0.0,0.0,0.0,0.0,136.472,4.42,B,114533,False,False,False,False,40,10,2011
2011-10-07,23,7,26236.8,False,49.0,3.633,0.0,0.0,0.0,0.0,0.0,136.472,4.42,B,114533,False,False,False,False,40,10,2011
2011-10-07,23,8,43036.11,False,49.0,3.633,0.0,0.0,0.0,0.0,0.0,136.472,4.42,B,114533,False,False,False,False,40,10,2011
2011-10-07,23,9,43032.97,False,49.0,3.633,0.0,0.0,0.0,0.0,0.0,136.472,4.42,B,114533,False,False,False,False,40,10,2011
2011-10-14,23,1,37836.35,False,56.79,3.583,0.0,0.0,0.0,0.0,0.0,136.5150968,4.42,B,114533,False,False,False,False,41,10,2011
2011-10-14,23,2,63084.95,False,56.79,3.583,0.0,0.0,0.0,0.0,0.0,136.5150968,4.42,B,114533,False,False,False,False,41,10,2011
2011-10-14,23,3,12451.38,False,56.79,3.583,0.0,0.0,0.0,0.0,0.0,136.5150968,4.42,B,114533,False,False,False,False,41,10,2011
2011-10-14,23,4,26017.15,False,56.79,3.583,0.0,0.0,0.0,0.0,0.0,136.5150968,4.42,B,114533,False,False,False,False,41,10,2011
2011-10-14,23,5,36671.95,False,56.79,3.583,0.0,0.0,0.0,0.0,0.0,136.5150968,4.42,B,114533,False,False,False,False,41,10,2011
2011-10-14,23,6,5537.03,False,56.79,3.583,0.0,0.0,0.0,0.0,0.0,136.5150968,4.42,B,114533,False,False,False,False,41,10,2011
2011-10-14,23,7,24808.55,False,56.79,3.583,0.0,0.0,0.0,0.0,0.0,136.5150968,4.42,B,114533,False,False,False,False,41,10,2011
2011-10-14,23,8,37469.64,False,56.79,3.583,0.0,0.0,0.0,0.0,0.0,136.5150968,4.42,B,114533,False,False,False,False,41,10,2011
2011-10-14,23,9,42008.52,False,56.79,3.583,0.0,0.0,0.0,0.0,0.0,136.5150968,4.42,B,114533,False,False,False,False,41,10,2011
2011-10-21,23,1,50104.11,False,52.12,3.618,0.0,0.0,0.0,0.0,0.0,136.5017742,4.42,B,114533,False,False,False,False,42,10,2011
2011-10-21,23,2,71499.54,False,52.12,3.618,0.0,0.0,0.0,0.0,0.0,136.5017742,4.42,B,114533,False,False,False,False,42,10,2011
2011-10-21,23,3,13222.24,False,52.12,3.618,0.0,0.0,0.0,0.0,0.0,136.5017742,4.42,B,114533,False,False,False,False,42,10,2011
2011-10-21,23,4,27967.14,False,52.12,3.618,0.0,0.0,0.0,0.0,0.0,136.5017742,4.42,B,114533,False,False,False,False,42,10,2011
2011-10-21,23,5,42329.56,False,52.12,3.618,0.0,0.0,0.0,0.0,0.0,136.5017742,4.42,B,114533,False,False,False,False,42,10,2011
2011-10-21,23,6,6423.52,False,52.12,3.618,0.0,0.0,0.0,0.0,0.0,136.5017742,4.42,B,114533,False,False,False,False,42,10,2011
2011-10-21,23,7,32323.62,False,52.12,3.618,0.0,0.0,0.0,0.0,0.0,136.5017742,4.42,B,114533,False,False,False,False,42,10,2011
2011-10-21,23,8,39608.65,False,52.12,3.618,0.0,0.0,0.0,0.0,0.0,136.5017742,4.42,B,114533,False,False,False,False,42,10,2011
2011-10-21,23,9,38150.79,False,52.12,3.618,0.0,0.0,0.0,0.0,0.0,136.5017742,4.42,B,114533,False,False,False,False,42,10,2011
2011-10-28,23,1,67942.29,False,42.57,3.604,0.0,0.0,0.0,0.0,0.0,136.4884516,4.42,B,114533,False,False,False,False,43,10,2011
2011-10-28,23,2,66231.67,False,42.57,3.604,0.0,0.0,0.0,0.0,0.0,136.4884516,4.42,B,114533,False,False,False,False,43,10,2011
2011-10-28,23,3,12555.14,False,42.57,3.604,0.0,0.0,0.0,0.0,0.0,136.4884516,4.42,B,114533,False,False,False,False,43,10,2011
