Date,Store,Dept,Weekly_Sales,IsHoliday,Temperature,Fuel_Price,MarkDown1,MarkDown2,MarkDown3,MarkDown4,MarkDown5,CPI,Unemployment,Type,Size,Super_Bowl,Labor_Day,Thanksgiving,Christmas,week,month,year
2010-02-05,9,1,12861.4,False,38.01,2.572,0.0,0.0,0.0,0.0,0.0,214.6554591,6.415,B,125833,False,False,False,False,5,2,2010
2010-02-05,9,2,24917.84,False,38.01,2.572,0.0,0.0,0.0,0.0,0.0,214.6554591,6.415,B,125833,False,False,False,False,5,2,2010
2010-02-05,9,3,6733.37,False,38.01,2.572,0.0,0.0,0.0,0.0,0.0,214.6554591,6.415,B,125833,False,False,False,False,5,2,2010
2010-02-05,9,4,17483.9,False,38.01,2.572,0.0,0.0,0.0,0.0,0.0,214.6554591,6.415,B,125833,False,False,False,False,5,2,2010
2010-02-05,9,5,20476.63,False,38.01,2.572,0.0,0.0,0.0,0.0,0.0,214.6554591,6.415,B,125833,False,False,False,False,5,2,2010
2010-02-05,9,6,2314.75,False,38.01,2.572,0.0,0.0,0.0,0.0,0.0,214.6554591,6.415,B,125833,False,False,False,False,5,2,2010
2010-02-05,9,7,11270.52,False,38.01,2.572,0.0,0.0,0.0,0.0,0.0,214.6554591,6.415,B,125833,False,False,False,False,5,2,2010
2010-02-05,9,8,21573.69,False,38.01,2.572,0.0,0.0,0.0,0.0,0.0,214.6554591,6.415,B,125833,False,False,False,False,5,2,2010
2010-02-05,9,9,7245.32,False,38.01,2.572,0.0,0.0,0.0,0.0,0.0,214.6554591,6.415,B,125833,False,False,False,False,5,2,2010
2010-02-12,9,1,20273.94,True,37.08,2.548,0.0,0.0,0.0,0.0,0.0,214.8056534,6.415,B,125833,True,False,False,False,6,2,2010
2010-02-12,9,2,22488.29,True,37.08,2.548,0.0,0.0,0.0,0.0,0.0,214.8056534,6.415,B,125833,True,False,False,False,6,2,2010
2010-02-12,9,3,6237.84,True,37.08,2.548,0.0,0.0,0.0,0.0,0.0,214.8056534,6.415,B,125833,True,False,False,False,6,2,2010
2010-02-12,9,4,15667.0,True,37.08,2.548,0.0,0.0,0.0,0.0,0.0,214.8056534,6.415,B,125833,True,False,False,False,6,2,2010
2010-02-12,9,5,23090.98,True,37.08,2.548,0.0,0.0,0.0,0.0,0.0,214.8056534,6.415,B,125833,True,False,False,False,6,2,2010
2010-02-12,9,6,4794.88,True,37.08,2.548,0.0,0.0,0.0,0.0,0.0,214.8056534,6.415,B,125833,True,False,False,False,6,2,2010
2010-02-12,9,7,10170.54,True,37.08,2.548,0.0,0.0,0.0,0.0,0.0,214.8056534,6.415,B,125833,True,False,False,False,6,2,2010
2010-02-12,9,8,21964.72,True,37.08,2.548,0.0,0.0,0.0,0.0,0.0,214.8056534,6.415,B,125833,True,False,False,False,6,2,2010
2010-02-12,9,9,6556.94,True,37.08,2.548,0.0,0.0,0.0,0.0,0.0,214.8056534,6.415,B,125833,True,False,False,False,6,2,2010
2010-02-19,9,1,14819.97,False,43.06,2.514,0.0,0.0,0.0,0.0,0.0,214.8506185,6.415,B,125833,False,False,False,False,7,2,2010
2010-02-19,9,2,22173.92,False,43.06,2.514,0.0,0.0,0.0,0.0,0.0,214.8506185,6.415,B,125833,False,False,False,False,7,2,2010
2010-02-19,9,3,5402.42,False,43.06,2.514,0.0,0.0,0.0,0.0,0.0,214.8506185,6.415,B,125833,False,False,False,False,7,2,2010
2010-02-19,9,4,15069.46,False,43.06,2.514,0.0,0.0,0.0,0.0,0.0,214.8506185,6.415,B,125833,False,False,False,False,7,2,2010
2010-02-19,9,5,17249.74,False,43.06,2.514,0.0,0.0,0.0,0.0,0.0,214.8506185,6.415,B,125833,False,False,False,False,7,2,2010
2010-02-19,9,6,2778.76,False,43.06,2.514,0.0,0.0,0.0,0.0,0.0,214.8506185,6.415,B,125833,False,False,False,False,7,2,2010
2010-02-19,9,7,9823.2,False,43.06,2.514,0.0,0.0,0.0,0.0,0.0,214.8506185,6.415,B,125833,False,False,False,False,7,2,2010
2010-02-19,9,8,20764.4,False,43.06,2.514,0.0,0.0,0.0,0.0,0.0,214.8506185,6.415,B,125833,False,False,False,False,7,2,2010
2010-02-19,9,9,7301.19,False,43.06,2.514,0.0,0.0,0.0,0.0,0.0,214.8506185,6.415,B,125833,False,False,False,False,7,2,2010
2010-02-26,9,1,10530.98,False,43.83,2.561,0.0,0.0,0.0,0.0,0.0,214.8780453,6.415,B,125833,False,False,False,False,8,2,2010
2010-02-26,9,2,22311.77,False,43.83,2.561,0.0,0.0,0.0,0.0,0.0,214.8780453,6.415,B,125833,False,False,False,False,8,2,2010
2010-02-26,9,3,5454.56,False,43.83,2.561,0.0,0.0,0.0,0.0,0.0,214.8780453,6.415,B,125833,False,False,False,False,8,2,2010
2010-02-26,9,4,15537.55,False,43.83,2.561,0.0,0.0,0.0,0.0,0.0,214.8780453,6.415,B,125833,False,False,False,False,8,2,2010
2010-02-26,9,5,17459.78,False,43.83,2.561,0.0,0.0,0.0,0.0,0.0,214.8780453,6.415,B,125833,False,False,False,False,8,2,2010
2010-02-26,9,6,3469.0,False,43.83,2.561,0.0,0.0,0.0,0.0,0.0,214.8780453,6.415,B,125833,False,False,False,False,8,2,2010
2010-02-26,9,7,10511.05,False,43.83,2.561,0.0,0.0,0.0,0.0,0.0,214.8780453,6.415,B,125833,False,False,False,False,8,2,2010
2010-02-26,9,8,20415.71,False,43.83,2.561,0.0,0.0,0.0,0.0,0.0,214.8780453,6.415,B,125833,False,False,False,False,8,2,2010
2010-02-26,9,9,7814.18,False,43.83,2.561,0.0,0.0,0.0,0.0,0.0,214.8780453,6.415,B,125833,False,False,False,False,8,2,2010
2010-03-05,9,1,10438.47,False,48.43,2.625,0.0,0.0,0.0,0.0,0.0,214.9054721,6.415,B,125833,False,False,False,False,9,3,2010
2010-03-05,9,2,23609.13,False,48.43,2.625,0.0,0.0,0.0,0.0,0.0,214.9054721,6.415,B,125833,False,False,False,False,9,3,2010
2010-03-05,9,3,5723.9,False,48.43,2.625,0.0,0.0,0.0,0.0,0.0,214.9054721,6.415,B,125833,False,False,False,False,9,3,2010
2010-03-05,9,4,16630.68,False,48.43,2.625,0.0,0.0,0.0,0.0,0.0,214.9054721,6.415,B,125833,False,False,False,False,9,3,2010
2010-03-05,9,5,16342.21,False,48.43,2.625,0.0,0.0,0.0,0.0,0.0,214.9054721,6.415,B,125833,False,False,False,False,9,3,2010
2010-03-05,9,6,3092.55,False,48.43,2.625,0.0,0.0,0.0,0.0,0.0,214.9054721,6.415,B,125833,False,False,False,False,9,3,2010
2010-03-05,9,7,8990.46,False,48.43,2.625,0.0,0.0,0.0,0.0,0.0,214.9054721,6.415,B,125833,False,False,False,False,9,3,2010
2010-03-05,9,8,21710.61,False,48.43,2.625,0.0,0.0,0.0,0.0,0.0,214.9054721,6.415,B,125833,False,False,False,False,9,3,2010
2010-03-05,9,9,10540.89,False,48.43,2.625,0.0,0.0,0.0,0.0,0.0,214.9054721,6.415,B,125833,False,False,False,False,9,3,2010
2010-03-12,9,1,11004.74,False,55.76,2.667,0.0,0.0,0.0,0.0,0.0,214.932899,6.415,B,125833,False,False,False,False,10,3,2010
2010-03-12,9,2,22443.05,False,55.76,2.667,0.0,0.0,0.0,0.0,0.0,214.932899,6.415,B,125833,False,False,False,False,10,3,2010
2010-03-12,9,3,5267.07,False,55.76,2.667,0.0,0.0,0.0,0.0,0.0,214.932899,6.415,B,125833,False,False,False,False,10,3,2010
2010-03-12,9,4,15035.13,False,55.76,2.667,0.0,0.0,0.0,0.0,0.0,214.932899,6.415,B,125833,False,False,False,False,10,3,2010
2010-03-12,9,5,19318.59,False,55.76,2.667,0.0,0.0,0.0,0.0,0.0,214.932899,6.415,B,125833,False,False,False,False,10,3,2010
2010-03-12,9,6,2199.68,False,55.76,2.667,0.0,0.0,0.0,0.0,0.0,214.932899,6.415,B,125833,False,False,False,False,10,3,2010
2010-03-12,9,7,10662.87,False,55.76,2.667,0.0,0.0,0.0,0.0,0.0,214.932899,6.415,B,125833,False,False,False,False,10,3,2010
2010-03-12,9,8,20503.15,False,55.76,2.667,0.0,0.0,0.0,0.0,0.0,214.932899,6.415,B,125833,False,False,False,False,10,3,2010
2010-03-12,9,9,9866.57,False,55.76,2.667,0.0,0.0,0.0,0.0,0.0,214.932899,6.415,B,125833,False,False,False,False,10,3,2010
2010-03-19,9,1,9813.87,False,53.15,2.72,0.0,0.0,0.0,0.0,0.0,214.7597274,6.415,B,125833,False,False,False,False,11,3,2010
2010-03-19,9,2,21846.4,False,53.15,2.72,0.0,0.0,0.0,0.0,0.0,214.7597274,6.415,B,125833,False,False,False,False,11,3,2010
2010-03-19,9,3,4214.67,False,53.15,2.72,0.0,0.0,0.0,0.0,0.0,214.7597274,6.415,B,125833,False,False,False,False,11,3,2010
2010-03-19,9,4,14729.52,False,53.15,2.72,0.0,0.0,0.0,0.0,0.0,214.7597274,6.415,B,125833,False,False,False,False,11,3,2010
2010-03-19,9,5,21287.64,False,53.15,2.72,0.0,0.0,0.0,0.0,0.0,214.7597274,6.415,B,125833,False,False,False,False,11,3,2010
2010-03-19,9,6,2693.87,False,53.15,2.72,0.0,0.0,0.0,0.0,0.0,214.7597274,6.415,B,125833,False,False,False,False,11,3,2010
2010-03-19,9,7,11322.88,False,53.15,2.72,0.0,0.0,0.0,0.0,0.0,214.7597274,6.415,B,125833,False,False,False,False,11,3,2010
2010-03-19,9,8,21621.17,False,53.15,2.72,0.0,0.0,0.0,0.0,0.0,214.7597274,6.415,B,125833,False,False,False,False,11,3,2010
2010-03-19,9,9,10064.15,False,53.15,2.72,0.0,0.0,0.0,0.0,0.0,214.7597274,6.415,B,125833,False,False,False,False,11,3,2010
2010-03-26,9,1,11402.28,False,51.8,2.732,0.0,0.0,0.0,0.0,0.0,214.5531227,6.415,B,125833,False,False,False,False,12,3,2010
2010-03-26,9,2,21750.09,False,51.8,2.732,0.0,0.0,0.0,0.0,0.0,214.5531227,6.415,B,125833,False,False,False,False,12,3,2010
2010-03-26,9,3,4615.74,False,51.8,2.732,0.0,0.0,0.0,0.0,0.0,214.5531227,6.415,B,125833,False,False,False,False,12,3,2010
2010-03-26,9,4,15022.76,False,51.8,2.732,0.0,0.0,0.0,0.0,0.0,214.5531227,6.415,B,125833,False,False,False,False,12,3,2010
2010-03-26,9,5,31125.5,False,51.8,2.732,0.0,0.0,0.0,0.0,0.0,214.5531227,6.415,B,125833,False,False,False,False,12,3,2010
2010-03-26,9,6,2787.98,False,51.8,2.732,0.0,0.0,0.0,0.0,0.0,214.5531227,6.415,B,125833,False,False,False,False,12,3,2010
2010-03-26,9,7,7991.0,False,51.8,2.732,0.0,0.0,0.0,0.0,0.0,214.5531227,6.415,B,125833,False,False,False,False,12,3,2010
2010-03-26,9,8,20526.29,False,51.8,2.732,0.0,0.0,0.0,0.0,0.0,214.5531227,6.415,B,125833,False,False,False,False,12,3,2010
2010-03-26,9,9,9547.31,False,51.8,2.732,0.0,0.0,0.0,0.0,0.0,214.5531227,6.415,B,125833,False,False,False,False,12,3,2010
2010-04-02,9,1,24205.64,False,65.21,2.719,0.0,0.0,0.0,0.0,0.0,214.3465181,6.384,B,125833,False,False,False,False,13,4,2010
2010-04-02,9,2,24100.26,False,65.21,2.719,0.0,0.0,0.0,0.0,0.0,214.3465181,6.384,B,125833,False,False,False,False,13,4,2010
2010-04-02,9,3,5202.53,False,65.21,2.719,0.0,0.0,0.0,0.0,0.0,214.3465181,6.384,B,125833,False,False,False,False,13,4,2010
2010-04-02,9,4,16379.92,False,65.21,2.719,0.0,0.0,0.0,0.0,0.0,214.3465181,6.384,B,125833,False,False,False,False,13,4,2010
2010-04-02,9,5,23148.93,False,65.21,2.719,0.0,0.0,0.0,0.0,0.0,214.3465181,6.384,B,125833,False,False,False,False,13,4,2010
2010-04-02,9,6,2844.82,False,65.21,2.719,0.0,0.0,0.0,0.0,0.0,214.3465181,6.384,B,125833,False,False,False,False,13,4,2010
2010-04-02,9,7,13550.66,False,65.21,2.719,0.0,0.0,0.0,0.0,0.0,214.3465181,6.384,B,125833,False,False,False,False,13,4,2010
2010-04-02,9,8,21022.55,False,65.21,2.719,0.0,0.0,0.0,0.0,0.0,214.3465181,6.384,B,125833,False,False,False,False,13,4,2010
2010-04-02,9,9,10503.1,False,65.21,2.719,0.0,0.0,0.0,0.0,0.0,214.3465181,6.384,B,125833,False,False,False,False,13,4,2010
2010-04-09,9,1,13421.94,False,64.95,2.77,0.0,0.0,0.0,0.0,0.0,214.1399135,6.384,B,125833,False,False,False,False,14,4,2010
2010-04-09,9,2,23219.4,False,64.95,2.77,0.0,0.0,0.0,0.0,0.0,214.1399135,6.384,B,125833,False,False,False,False,14,4,2010
2010-04-09,9,3,4874.85,False,64.95,2.77,0.0,0.0,0.0,0.0,0.0,214.1399135,6.384,B,125833,False,False,False,False,14,4,2010
2010-04-09,9,4,16000.11,False,64.95,2.77,0.0,0.0,0.0,0.0,0.0,214.1399135,6.384,B,125833,False,False,False,False,14,4,2010
2010-04-09,9,5,15791.16,False,64.95,2.77,0.0,0.0,0.0,0.0,0.0,214.1399135,6.384,B,125833,False,False,False,False,14,4,2010
2010-04-09,9,6,4380.8,False,64.95,2.77,0.0,0.0,0.0,0.0,0.0,214.1399135,6.384,B,125833,False,False,False,False,14,4,2010
2010-04-09,9,7,11425.1,False,64.95,2.77,0.0,0.0,0.0,0.0,0.0,214.1399135,6.384,B,125833,False,False,False,False,14,4,2010
2010-04-09,9,8,19262.0,False,64.95,2.77,0.0,0.0,0.0,0.0,0.0,214.1399135,6.384,B,125833,False,False,False,False,14,4,2010
2010-04-09,9,9,15343.06,False,64.95,2.77,0.0,0.0,0.0,0.0,0.0,214.1399135,6.384,B,125833,False,False,False,False,14,4,2010
2010-04-16,9,1,8926.1,False,66.09,2.808,0.0,0.0,0.0,0.0,0.0,214.0001817,6.384,B,125833,False,False,False,False,15,4,2010
2010-04-16,9,2,22309.52,False,66.09,2.808,0.0,0.0,0.0,0.0,0.0,214.0001817,6.384,B,125833,False,False,False,False,15,4,2010
2010-04-16,9,3,5091.96,False,66.09,2.808,0.0,0.0,0.0,0.0,0.0,214.0001817,6.384,B,125833,False,False,False,False,15,4,2010
2010-04-16,9,4,14765.61,False,66.09,2.808,0.0,0.0,0.0,0.0,0.0,214.0001817,6.384,B,125833,False,False,False,False,15,4,2010
2010-04-16,9,5,12934.48,False,66.09,2.808,0.0,0.0,0.0,0.0,0.0,214.0001817,6.384,B,125833,False,False,False,False,15,4,2010
2010-04-16,9,6,2401.65,False,66.09,2.808,0.0,0.0,0.0,0.0,0.0,214.0001817,6.384,B,125833,False,False,False,False,15,4,2010
2010-04-16,9,7,8673.96,False,66.09,2.808,0.0,0.0,0.0,0.0,0.0,214.0001817,6.384,B,125833,False,False,False,False,15,4,2010
2010-04-16,9,8,19273.04,False,66.09,2.808,0.0,0.0,0.0,0.0,0.0,214.0001817,6.384,B,125833,False,False,False,False,15,4,2010
2010-04-16,9,9,12244.57,False,66.09,2.808,0.0,0.0,0.0,0.0,0.0,214.0001817,6.384,B,125833,False,False,False,False,15,4,2010
2010-04-23,9,1,8462.08,False,61.26,2.795,0.0,0.0,0.0,0.0,0.0,213.9496138,6.384,B,125833,False,False,False,False,16,4,2010
2010-04-23,9,2,21708.35,False,61.26,2.795,0.0,0.0,0.0,0.0,0.0,213.9496138,6.384,B,125833,False,False,False,False,16,4,2010
2010-04-23,9,3,4791.64,False,61.26,2.795,0.0,0.0,0.0,0.0,0.0,213.9496138,6.384,B,125833,False,False,False,False,16,4,2010
2010-04-23,9,4,15004.06,False,61.26,2.795,0.0,0.0,0.0,0.0,0.0,213.9496138,6.384,B,125833,False,False,False,False,16,4,2010
2010-04-23,9,5,19551.4,False,61.26,2.795,0.0,0.0,0.0,0.0,0.0,213.9496138,6.384,B,125833,False,False,False,False,16,4,2010
2010-04-23,9,6,3932.48,False,61.26,2.795,0.0,0.0,0.0,0.0,0.0,213.9496138,6.384,B,125833,False,False,False,False,16,4,2010
2010-04-23,9,7,8637.12,False,61.26,2.795,0.0,0.0,0.0,0.0,0.0,213.9496138,6.384,B,125833,False,False,False,False,16,4,2010
2010-04-23,9,8,20396.61,False,61.26,2.795,0.0,0.0,0.0,0.0,0.0,213.9496138,6.384,B,125833,False,False,False,False,16,4,2010
2010-04-23,9,9,10702.95,False,61.26,2.795,0.0,0.0,0.0,0.0,0.0,213.9496138,6.384,B,125833,False,False,False,False,16,4,2010
2010-04-30,9,1,8723.98,False,66.07,2.78,0.0,0.0,0.0,0.0,0.0,213.8990459,6.384,B,125833,False,False,False,False,17,4,2010
2010-04-30,9,2,22966.29,False,66.07,2.78,0.0,0.0,0.0,0.0,0.0,213.8990459,6.384,B,125833,False,False,False,False,17,4,2010
2010-04-30,9,3,5014.55,False,66.07,2.78,0.0,0.0,0.0,0.0,0.0,213.8990459,6.384,B,125833,False,False,False,False,17,4,2010
2010-04-30,9,4,15353.98,False,66.07,2.78,0.0,0.0,0.0,0.0,0.0,213.8990459,6.384,B,125833,False,False,False,False,17,4,2010
2010-04-30,9,5,17221.97,False,66.07,2.78,0.0,0.0,0.0,0.0,0.0,213.8990459,6.384,B,125833,False,False,False,False,17,4,2010
2010-04-30,9,6,2671.46,False,66.07,2.78,0.0,0.0,0.0,0.0,0.0,213.8990459,6.384,B,125833,False,False,False,False,17,4,2010
2010-04-30,9,7,8649.43,False,66.07,2.78,0.0,0.0,0.0,0.0,0.0,213.8990459,6.384,B,125833,False,False,False,False,17,4,2010
2010-04-30,9,8,20102.13,False,66.07,2.78,0.0,0.0,0.0,0.0,0.0,213.8990459,6.384,B,125833,False,False,False,False,17,4,2010
2010-04-30,9,9,13479.96,False,66.07,2.78,0.0,0.0,0.0,0.0,0.0,213.8990459,6.384,B,125833,False,False,False,False,17,4,2010
2010-05-07,9,1,10088.57,False,68.58,2.835,0.0,0.0,0.0,0.0,0.0,213.848478,6.384,B,125833,False,False,False,False,18,5,2010
2010-05-07,9,2,22917.81,False,68.58,2.835,0.0,0.0,0.0,0.0,0.0,213.848478,6.384,B,125833,False,False,False,False,18,5,2010
2010-05-07,9,3,5760.92,False,68.58,2.835,0.0,0.0,0.0,0.0,0.0,213.848478,6.384,B,125833,False,False,False,False,18,5,2010
2010-05-07,9,4,15768.8,False,68.58,2.835,0.0,0.0,0.0,0.0,0.0,213.848478,6.384,B,125833,False,False,False,False,18,5,2010
2010-05-07,9,5,14951.36,False,68.58,2.835,0.0,0.0,0.0,0.0,0.0,213.848478,6.384,B,125833,False,False,False,False,18,5,2010
2010-05-07,9,6,3791.12,False,68.58,2.835,0.0,0.0,0.0,0.0,0.0,213.848478,6.384,B,125833,False,False,False,False,18,5,2010
2010-05-07,9,7,10105.55,False,68.58,2.835,0.0,0.0,0.0,0.0,0.0,213.848478,6.384,B,125833,False,False,False,False,18,5,2010
2010-05-07,9,8,20830.6,False,68.58,2.835,0.0,0.0,0.0,0.0,0.0,213.848478,6.384,B,125833,False,False,False,False,18,5,2010
2010-05-07,9,9,10981.77,False,68.58,2.835,0.0,0.0,0.0,0.0,0.0,213.848478,6.384,B,125833,False,False,False,False,18,5,2010
2010-05-14,9,1,9527.04,False,70.53,2.854,0.0,0.0,0.0,0.0,0.0,213.8469819,6.384,B,125833,False,False,False,False,19,5,2010
2010-05-14,9,2,22857.79,False,70.53,2.854,0.0,0.0,0.0,0.0,0.0,213.8469819,6.384,B,125833,False,False,False,False,19,5,2010
2010-05-14,9,3,4929.7,False,70.53,2.854,0.0,0.0,0.0,0.0,0.0,213.8469819,6.384,B,125833,False,False,False,False,19,5,2010
2010-05-14,9,4,14351.76,False,70.53,2.854,0.0,0.0,0.0,0.0,0.0,213.8469819,6.384,B,125833,False,False,False,False,19,5,2010
2010-05-14,9,5,15459.39,False,70.53,2.854,0.0,0.0,0.0,0.0,0.0,213.8469819,6.384,B,125833,False,False,False,False,19,5,2010
2010-05-14,9,6,2834.74,False,70.53,2.854,0.0,0.0,0.0,0.0,0.0,213.8469819,6.384,B,125833,False,False,False,False,19,5,2010
2010-05-14,9,7,9209.77,False,70.53,2.854,0.0,0.0,0.0,0.0,0.0,213.8469819,6.384,B,125833,False,False,False,False,19,5,2010
2010-05-14,9,8,19802.82,False,70.53,2.854,0.0,0.0,0.0,0.0,0.0,213.8469819,6.384,B,125833,False,False,False,False,19,5,2010
2010-05-14,9,9,10203.21,False,70.53,2.854,0.0,0.0,0.0,0.0,0.0,213.8469819,6.384,B,125833,False,False,False,False,19,5,2010
2010-05-21,9,1,8969.28,False,71.5,2.826,0.0,0.0,0.0,0.0,0.0,214.1399162,6.384,B,125833,False,False,False,False,20,5,2010
2010-05-21,9,2,24052.9,False,71.5,2.826,0.0,0.0,0.0,0.0,0.0,214.1399162,6.384,B,125833,False,False,False,False,20,5,2010
2010-05-21,9,3,5219.42,False,71.5,2.826,0.0,0.0,0.0,0.0,0.0,214.1399162,6.384,B,125833,False,False,False,False,20,5,2010
2010-05-21,9,4,15979.27,False,71.5,2.826,0.0,0.0,0.0,0.0,0.0,214.1399162,6.384,B,125833,False,False,False,False,20,5,2010
2010-05-21,9,5,14691.53,False,71.5,2.826,0.0,0.0,0.0,0.0,0.0,214.1399162,6.384,B,125833,False,False,False,False,20,5,2010
2010-05-21,9,6,2195.77,False,71.5,2.826,0.0,0.0,0.0,0.0,0.0,214.1399162,6.384,B,125833,False,False,False,False,20,5,2010
2010-05-21,9,7,10430.8,False,71.5,2.826,0.0,0.0,0.0,0.0,0.0,214.1399162,6.384,B,125833,False,False,False,False,20,5,2010
2010-05-21,9,8,19519.62,False,71.5,2.826,0.0,0.0,0.0,0.0,0.0,214.1399162,6.384,B,125833,False,False,False,False,20,5,2010
2010-05-21,9,9,11550.35,False,71.5,2.826,0.0,0.0,0.0,0.0,0.0,214.1399162,6.384,B,125833,False,False,False,False,20,5,2010
2010-05-28,9,1,8674.07,False,77.12,2.759,0.0,0.0,0.0,0.0,0.0,214.4328505,6.384,B,125833,False,False,False,False,21,5,2010
2010-05-28,9,2,22985.61,False,77.12,2.759,0.0,0.0,0.0,0.0,0.0,214.4328505,6.384,B,125833,False,False,False,False,21,5,2010
2010-05-28,9,3,4258.88,False,77.12,2.759,0.0,0.0,0.0,0.0,0.0,214.4328505,6.384,B,125833,False,False,False,False,21,5,2010
2010-05-28,9,4,16300.16,False,77.12,2.759,0.0,0.0,0.0,0.0,0.0,214.4328505,6.384,B,125833,False,False,False,False,21,5,2010
2010-05-28,9,5,15167.72,False,77.12,2.759,0.0,0.0,0.0,0.0,0.0,214.4328505,6.384,B,125833,False,False,False,False,21,5,2010
2010-05-28,9,6,4637.26,False,77.12,2.759,0.0,0.0,0.0,0.0,0.0,214.4328505,6.384,B,125833,False,False,False,False,21,5,2010
2010-05-28,9,7,16545.46,False,77.12,2.759,0.0,0.0,0.0,0.0,0.0,214.4328505,6.384,B,125833,False,False,False,False,21,5,2010
2010-05-28,9,8,19802.77,False,77.12,2.759,0.0,0.0,0.0,0.0,0.0,214.4328505,6.384,B,125833,False,False,False,False,21,5,2010
2010-05-28,9,9,17020.72,False,77.12,2.759,0.0,0.0,0.0,0.0,0.0,214.4328505,6.384,B,125833,False,False,False,False,21,5,2010
2010-06-04,9,1,9505.8,False,79.65,2.705,0.0,0.0,0.0,0.0,0.0,214.7257848,6.384,B,125833,False,False,False,False,22,6,2010
2010-06-04,9,2,26015.13,False,79.65,2.705,0.0,0.0,0.0,0.0,0.0,214.7257848,6.384,B,125833,False,False,False,False,22,6,2010
2010-06-04,9,3,3967.5,False,79.65,2.705,0.0,0.0,0.0,0.0,0.0,214.7257848,6.384,B,125833,False,False,False,False,22,6,2010
2010-06-04,9,4,17794.04,False,79.65,2.705,0.0,0.0,0.0,0.0,0.0,214.7257848,6.384,B,125833,False,False,False,False,22,6,2010
2010-06-04,9,5,17871.45,False,79.65,2.705,0.0,0.0,0.0,0.0,0.0,214.7257848,6.384,B,125833,False,False,False,False,22,6,2010
2010-06-04,9,6,2373.9,False,79.65,2.705,0.0,0.0,0.0,0.0,0.0,214.7257848,6.384,B,125833,False,False,False,False,22,6,2010
2010-06-04,9,7,26468.61,False,79.65,2.705,0.0,0.0,0.0,0.0,0.0,214.7257848,6.384,B,125833,False,False,False,False,22,6,2010
2010-06-04,9,8,21142.87,False,79.65,2.705,0.0,0.0,0.0,0.0,0.0,214.7257848,6.384,B,125833,False,False,False,False,22,6,2010
2010-06-04,9,9,20333.65,False,79.65,2.705,0.0,0.0,0.0,0.0,0.0,214.7257848,6.384,B,125833,False,False,False,False,22,6,2010
2010-06-11,9,1,9236.26,False,83.75,2.668,0.0,0.0,0.0,0.0,0.0,215.0187191,6.384,B,125833,False,False,False,False,23,6,2010
2010-06-11,9,2,24273.77,False,83.75,2.668,0.0,0.0,0.0,0.0,0.0,215.0187191,6.384,B,125833,False,False,False,False,23,6,2010
2010-06-11,9,3,4220.83,False,83.75,2.668,0.0,0.0,0.0,0.0,0.0,215.0187191,6.384,B,125833,False,False,False,False,23,6,2010
2010-06-11,9,4,16346.74,False,83.75,2.668,0.0,0.0,0.0,0.0,0.0,215.0187191,6.384,B,125833,False,False,False,False,23,6,2010
2010-06-11,9,5,14337.65,False,83.75,2.668,0.0,0.0,0.0,0.0,0.0,215.0187191,6.384,B,125833,False,False,False,False,23,6,2010
2010-06-11,9,6,1867.25,False,83.75,2.668,0.0,0.0,0.0,0.0,0.0,215.0187191,6.384,B,125833,False,False,False,False,23,6,2010
2010-06-11,9,7,15548.19,False,83.75,2.668,0.0,0.0,0.0,0.0,0.0,215.0187191,6.384,B,125833,False,False,False,False,23,6,2010
2010-06-11,9,8,18507.48,False,83.75,2.668,0.0,0.0,0.0,0.0,0.0,215.0187191,6.384,B,125833,False,False,False,False,23,6,2010
2010-06-11,9,9,13480.29,False,83.75,2.668,0.0,0.0,0.0,0.0,0.0,215.0187191,6.384,B,125833,False,False,False,False,23,6,2010
2010-06-18,9,1,9540.72,False,82.99,2.637,0.0,0.0,0.0,0.0,0.0,215.0166484,6.384,B,125833,False,False,False,False,24,6,2010
2010-06-18,9,2,23526.82,False,82.99,2.637,0.0,0.0,0.0,0.0,0.0,215.0166484,6.384,B,125833,False,False,False,False,24,6,2010
2010-06-18,9,3,4166.64,False,82.99,2.637,0.0,0.0,0.0,0.0,0.0,215.0166484,6.384,B,125833,False,False,False,False,24,6,2010
2010-06-18,9,4,15945.54,False,82.99,2.637,0.0,0.0,0.0,0.0,0.0,215.0166484,6.384,B,125833,False,False,False,False,24,6,2010
2010-06-18,9,5,15271.33,False,82.99,2.637,0.0,0.0,0.0,0.0,0.0,215.0166484,6.384,B,125833,False,False,False,False,24,6,2010
2010-06-18,9,6,2030.61,False,82.99,2.637,0.0,0.0,0.0,0.0,0.0,215.0166484,6.384,B,125833,False,False,False,False,24,6,2010
2010-06-18,9,7,13119.15,False,82.99,2.637,0.0,0.0,0.0,0.0,0.0,215.0166484,6.384,B,125833,False,False,False,False,24,6,2010
2010-06-18,9,8,19139.53,False,82.99,2.637,0.0,0.0,0.0,0.0,0.0,215.0166484,6.384,B,125833,False,False,False,False,24,6,2010
2010-06-18,9,9,12458.42,False,82.99,2.637,0.0,0.0,0.0,0.0,0.0,215.0166484,6.384,B,125833,False,False,False,False,24,6,2010
2010-06-25,9,1,9159.5,False,85.02,2.653,0.0,0.0,0.0,0.0,0.0,214.8965756,6.384,B,125833,False,False,False,False,25,6,2010
2010-06-25,9,2,22440.65,False,85.02,2.653,0.0,0.0,0.0,0.0,0.0,214.8965756,6.384,B,125833,False,False,False,False,25,6,2010
2010-06-25,9,3,3844.22,False,85.02,2.653,0.0,0.0,0.0,0.0,0.0,214.8965756,6.384,B,125833,False,False,False,False,25,6,2010
2010-06-25,9,4,15522.76,False,85.02,2.653,0.0,0.0,0.0,0.0,0.0,214.8965756,6.384,B,125833,False,False,False,False,25,6,2010
2010-06-25,9,5,14075.07,False,85.02,2.653,0.0,0.0,0.0,0.0,0.0,214.8965756,6.384,B,125833,False,False,False,False,25,6,2010
2010-06-25,9,6,3865.67,False,85.02,2.653,0.0,0.0,0.0,0.0,0.0,214.8965756,6.384,B,125833,False,False,False,False,25,6,2010
2010-06-25,9,7,14179.75,False,85.02,2.653,0.0,0.0,0.0,0.0,0.0,214.8965756,6.384,B,125833,False,False,False,False,25,6,2010
2010-06-25,9,8,20407.33,False,85.02,2.653,0.0,0.0,0.0,0.0,0.0,214.8965756,6.384,B,125833,False,False,False,False,25,6,2010
2010-06-25,9,9,14601.05,False,85.02,2.653,0.0,0.0,0.0,0.0,0.0,214.8965756,6.384,B,125833,False,False,False,False,25,6,2010
2010-07-02,9,1,11305.36,False,78.55,2.669,0.0,0.0,0.0,0.0,0.0,214.7765028,6.442,B,125833,False,False,False,False,26,7,2010
2010-07-02,9,2,24105.24,False,78.55,2.669,0.0,0.0,0.0,0.0,0.0,214.7765028,6.442,B,125833,False,False,False,False,26,7,2010
2010-07-02,9,3,4573.04,False,78.55,2.669,0.0,0.0,0.0,0.0,0.0,214.7765028,6.442,B,125833,False,False,False,False,26,7,2010
2010-07-02,9,4,18439.17,False,78.55,2.669,0.0,0.0,0.0,0.0,0.0,214.7765028,6.442,B,125833,False,False,False,False,26,7,2010
2010-07-02,9,5,17947.74,False,78.55,2.669,0.0,0.0,0.0,0.0,0.0,214.7765028,6.442,B,125833,False,False,False,False,26,7,2010
2010-07-02,9,6,2936.32,False,78.55,2.669,0.0,0.0,0.0,0.0,0.0,214.7765028,6.442,B,125833,False,False,False,False,26,7,2010
2010-07-02,9,7,14655.34,False,78.55,2.669,0.0,0.0,0.0,0.0,0.0,214.7765028,6.442,B,125833,False,False,False,False,26,7,2010
2010-07-02,9,8,21134.55,False,78.55,2.669,0.0,0.0,0.0,0.0,0.0,214.7765028,6.442,B,125833,False,False,False,False,26,7,2010
2010-07-02,9,9,14697.9,False,78.55,2.669,0.0,0.0,0.0,0.0,0.0,214.7765028,6.442,B,125833,False,False,False,False,26,7,2010
2010-07-09,9,1,9840.3,False,78.51,2.642,0.0,0.0,0.0,0.0,0.0,214.6564301,6.442,B,125833,False,False,False,False,27,7,2010
2010-07-09,9,2,23866.4,False,78.51,2.642,0.0,0.0,0.0,0.0,0.0,214.6564301,6.442,B,125833,False,False,False,False,27,7,2010
2010-07-09,9,3,5209.42,False,78.51,2.642,0.0,0.0,0.0,0.0,0.0,214.6564301,6.442,B,125833,False,False,False,False,27,7,2010
2010-07-09,9,4,16696.21,False,78.51,2.642,0.0,0.0,0.0,0.0,0.0,214.6564301,6.442,B,125833,False,False,False,False,27,7,2010
2010-07-09,9,5,16321.37,False,78.51,2.642,0.0,0.0,0.0,0.0,0.0,214.6564301,6.442,B,125833,False,False,False,False,27,7,2010
2010-07-09,9,6,2801.65,False,78.51,2.642,0.0,0.0,0.0,0.0,0.0,214.6564301,6.442,B,125833,False,False,False,False,27,7,2010
2010-07-09,9,7,11195.18,False,78.51,2.642,0.0,0.0,0.0,0.0,0.0,214.6564301,6.442,B,125833,False,False,False,False,27,7,2010
2010-07-09,9,8,20347.25,False,78.51,2.642,0.0,0.0,0.0,0.0,0.0,214.6564301,6.442,B,125833,False,False,False,False,27,7,2010
2010-07-09,9,9,12769.65,False,78.51,2.642,0.0,0.0,0.0,0.0,0.0,214.6564301,6.442,B,125833,False,False,False,False,27,7,2010
2010-07-16,9,1,8575.61,False,82.93,2.623,0.0,0.0,0.0,0.0,0.0,214.6474453,6.442,B,125833,False,False,False,False,28,7,2010
2010-07-16,9,2,22415.59,False,82.93,2.623,0.0,0.0,0.0,0.0,0.0,214.6474453,6.442,B,125833,False,False,False,False,28,7,2010
2010-07-16,9,3,5491.97,False,82.93,2.623,0.0,0.0,0.0,0.0,0.0,214.6474453,6.442,B,125833,False,False,False,False,28,7,2010
2010-07-16,9,4,16374.58,False,82.93,2.623,0.0,0.0,0.0,0.0,0.0,214.6474453,6.442,B,125833,False,False,False,False,28,7,2010
2010-07-16,9,5,14377.6,False,82.93,2.623,0.0,0.0,0.0,0.0,0.0,214.6474453,6.442,B,125833,False,False,False,False,28,7,2010
2010-07-16,9,6,2435.99,False,82.93,2.623,0.0,0.0,0.0,0.0,0.0,214.6474453,6.442,B,125833,False,False,False,False,28,7,2010
2010-07-16,9,7,9925.34,False,82.93,2.623,0.0,0.0,0.0,0.0,0.0,214.6474453,6.442,B,125833,False,False,False,False,28,7,2010
2010-07-16,9,8,19971.35,False,82.93,2.623,0.0,0.0,0.0,0.0,0.0,214.6474453,6.442,B,125833,False,False,False,False,28,7,2010
2010-07-16,9,9,11264.08,False,82.93,2.623,0.0,0.0,0.0,0.0,0.0,214.6474453,6.442,B,125833,False,False,False,False,28,7,2010
2010-07-23,9,1,7983.42,False,84.49,2.608,0.0,0.0,0.0,0.0,0.0,214.7865779,6.442,B,125833,False,False,False,False,29,7,2010
2010-07-23,9,2,22861.29,False,84.49,2.608,0.0,0.0,0.0,0.0,0.0,214.7865779,6.442,B,125833,False,False,False,False,29,7,2010
2010-07-23,9,3,7684.96,False,84.49,2.608,0.0,0.0,0.0,0.0,0.0,214.7865779,6.442,B,125833,False,False,False,False,29,7,2010
2010-07-23,9,4,16607.18,False,84.49,2.608,0.0,0.0,0.0,0.0,0.0,214.7865779,6.442,B,125833,False,False,False,False,29,7,2010
2010-07-23,9,5,13522.79,False,84.49,2.608,0.0,0.0,0.0,0.0,0.0,214.7865779,6.442,B,125833,False,False,False,False,29,7,2010
2010-07-23,9,6,1539.87,False,84.49,2.608,0.0,0.0,0.0,0.0,0.0,214.7865779,6.442,B,125833,False,False,False,False,29,7,2010
2010-07-23,9,7,12693.74,False,84.49,2.608,0.0,0.0,0.0,0.0,0.0,214.7865779,6.442,B,125833,False,False,False,False,29,7,2010
2010-07-23,9,8,18268.0,False,84.49,2.608,0.0,0.0,0.0,0.0,0.0,214.7865779,6.442,B,125833,False,False,False,False,29,7,2010
2010-07-23,9,9,10148.02,False,84.49,2.608,0.0,0.0,0.0,0.0,0.0,214.7865779,6.442,B,125833,False,False,False,False,29,7,2010
2010-07-30,9,1,9398.18,False,79.83,2.64,0.0,0.0,0.0,0.0,0.0,214.9257105,6.442,B,125833,False,False,False,False,30,7,2010
2010-07-30,9,2,23179.24,False,79.83,2.64,0.0,0.0,0.0,0.0,0.0,214.9257105,6.442,B,125833,False,False,False,False,30,7,2010
2010-07-30,9,3,10479.55,False,79.83,2.64,0.0,0.0,0.0,0.0,0.0,214.9257105,6.442,B,125833,False,False,False,False,30,7,2010
2010-07-30,9,4,17270.24,False,79.83,2.64,0.0,0.0,0.0,0.0,0.0,214.9257105,6.442,B,125833,False,False,False,False,30,7,2010
2010-07-30,9,5,14166.91,False,79.83,2.64,0.0,0.0,0.0,0.0,0.0,214.9257105,6.442,B,125833,False,False,False,False,30,7,2010
2010-07-30,9,6,2073.29,False,79.83,2.64,0.0,0.0,0.0,0.0,0.0,214.9257105,6.442,B,125833,False,False,False,False,30,7,2010
2010-07-30,9,7,10305.67,False,79.83,2.64,0.0,0.0,0.0,0.0,0.0,214.9257105,6.442,B,125833,False,False,False,False,30,7,2010
2010-07-30,9,8,20187.96,False,79.83,2.64,0.0,0.0,0.0,0.0,0.0,214.9257105,6.442,B,125833,False,False,False,False,30,7,2010
2010-07-30,9,9,9772.05,False,79.83,2.64,0.0,0.0,0.0,0.0,0.0,214.9257105,6.442,B,125833,False,False,False,False,30,7,2010
2010-08-06,9,1,8888.16,False,87.09,2.627,0.0,0.0,0.0,0.0,0.0,215.064843,6.442,B,125833,False,False,False,False,31,8,2010
2010-08-06,9,2,24592.47,False,87.09,2.627,0.0,0.0,0.0,0.0,0.0,215.064843,6.442,B,125833,False,False,False,False,31,8,2010
2010-08-06,9,3,12502.64,False,87.09,2.627,0.0,0.0,0.0,0.0,0.0,215.064843,6.442,B,125833,False,False,False,False,31,8,2010
2010-08-06,9,4,18881.78,False,87.09,2.627,0.0,0.0,0.0,0.0,0.0,215.064843,6.442,B,125833,False,False,False,False,31,8,2010
2010-08-06,9,5,14692.23,False,87.09,2.627,0.0,0.0,0.0,0.0,0.0,215.064843,6.442,B,125833,False,False,False,False,31,8,2010
2010-08-06,9,6,3292.48,False,87.09,2.627,0.0,0.0,0.0,0.0,0.0,215.064843,6.442,B,125833,False,False,False,False,31,8,2010
2010-08-06,9,7,9986.79,False,87.09,2.627,0.0,0.0,0.0,0.0,0.0,215.064843,6.442,B,125833,False,False,False,False,31,8,2010
2010-08-06,9,8,21255.21,False,87.09,2.627,0.0,0.0,0.0,0.0,0.0,215.064843,6.442,B,125833,False,False,False,False,31,8,2010
2010-08-06,9,9,10691.94,False,87.09,2.627,0.0,0.0,0.0,0.0,0.0,215.064843,6.442,B,125833,False,False,False,False,31,8,2010
2010-08-13,9,1,8233.72,False,86.85,2.692,0.0,0.0,0.0,0.0,0.0,215.2039756,6.442,B,125833,False,False,False,False,32,8,2010
2010-08-13,9,2,23611.08,False,86.85,2.692,0.0,0.0,0.0,0.0,0.0,215.2039756,6.442,B,125833,False,False,False,False,32,8,2010
2010-08-13,9,3,19047.04,False,86.85,2.692,0.0,0.0,0.0,0.0,0.0,215.2039756,6.442,B,125833,False,False,False,False,32,8,2010
2010-08-13,9,4,17324.83,False,86.85,2.692,0.0,0.0,0.0,0.0,0.0,215.2039756,6.442,B,125833,False,False,False,False,32,8,2010
2010-08-13,9,5,13930.3,False,86.85,2.692,0.0,0.0,0.0,0.0,0.0,215.2039756,6.442,B,125833,False,False,False,False,32,8,2010
2010-08-13,9,6,3556.26,False,86.85,2.692,0.0,0.0,0.0,0.0,0.0,215.2039756,6.442,B,125833,False,False,False,False,32,8,2010
2010-08-13,9,7,10973.16,False,86.85,2.692,0.0,0.0,0.0,0.0,0.0,215.2039756,6.442,B,125833,False,False,False,False,32,8,2010
2010-08-13,9,8,18221.22,False,86.85,2.692,0.0,0.0,0.0,0.0,0.0,215.2039756,6.442,B,125833,False,False,False,False,32,8,2010
2010-08-13,9,9,10157.38,False,86.85,2.692,0.0,0.0,0.0,0.0,0.0,215.2039756,6.442,B,125833,False,False,False,False,32,8,2010
2010-08-20,9,1,8233.82,False,86.3,2.664,0.0,0.0,0.0,0.0,0.0,215.1619646,6.442,B,125833,False,False,False,False,33,8,2010
2010-08-20,9,2,24368.09,False,86.3,2.664,0.0,0.0,0.0,0.0,0.0,215.1619646,6.442,B,125833,False,False,False,False,33,8,2010
2010-08-20,9,3,18954.83,False,86.3,2.664,0.0,0.0,0.0,0.0,0.0,215.1619646,6.442,B,125833,False,False,False,False,33,8,2010
2010-08-20,9,4,18932.9,False,86.3,2.664,0.0,0.0,0.0,0.0,0.0,215.1619646,6.442,B,125833,False,False,False,False,33,8,2010
2010-08-20,9,5,12347.09,False,86.3,2.664,0.0,0.0,0.0,0.0,0.0,215.1619646,6.442,B,125833,False,False,False,False,33,8,2010
2010-08-20,9,6,1957.16,False,86.3,2.664,0.0,0.0,0.0,0.0,0.0,215.1619646,6.442,B,125833,False,False,False,False,33,8,2010
2010-08-20,9,7,11366.73,False,86.3,2.664,0.0,0.0,0.0,0.0,0.0,215.1619646,6.442,B,125833,False,False,False,False,33,8,2010
2010-08-20,9,8,17739.57,False,86.3,2.664,0.0,0.0,0.0,0.0,0.0,215.1619646,6.442,B,125833,False,False,False,False,33,8,2010
2010-08-20,9,9,12712.36,False,86.3,2.664,0.0,0.0,0.0,0.0,0.0,215.1619646,6.442,B,125833,False,False,False,False,33,8,2010
2010-08-27,9,1,8911.63,False,84.01,2.619,0.0,0.0,0.0,0.0,0.0,215.1199536,6.442,B,125833,False,False,False,False,34,8,2010
2010-08-27,9,2,25967.79,False,84.01,2.619,0.0,0.0,0.0,0.0,0.0,215.1199536,6.442,B,125833,False,False,False,False,34,8,2010
2010-08-27,9,3,26938.92,False,84.01,2.619,0.0,0.0,0.0,0.0,0.0,215.1199536,6.442,B,125833,False,False,False,False,34,8,2010
2010-08-27,9,4,18533.32,False,84.01,2.619,0.0,0.0,0.0,0.0,0.0,215.1199536,6.442,B,125833,False,False,False,False,34,8,2010
2010-08-27,9,5,11414.38,False,84.01,2.619,0.0,0.0,0.0,0.0,0.0,215.1199536,6.442,B,125833,False,False,False,False,34,8,2010
2010-08-27,9,6,3548.76,False,84.01,2.619,0.0,0.0,0.0,0.0,0.0,215.1199536,6.442,B,125833,False,False,False,False,34,8,2010
2010-08-27,9,7,9119.58,False,84.01,2.619,0.0,0.0,0.0,0.0,0.0,215.1199536,6.442,B,125833,False,False,False,False,34,8,2010
2010-08-27,9,8,18030.71,False,84.01,2.619,0.0,0.0,0.0,0.0,0.0,215.1199536,6.442,B,125833,False,False,False,False,34,8,2010
2010-08-27,9,9,12791.93,False,84.01,2.619,0.0,0.0,0.0,0.0,0.0,215.1199536,6.442,B,125833,False,False,False,False,34,8,2010
2010-09-03,9,1,9420.75,False,82.47,2.577,0.0,0.0,0.0,0.0,0.0,215.0779426,6.442,B,125833,False,False,False,False,35,9,2010
2010-09-03,9,2,25325.33,False,82.47,2.577,0.0,0.0,0.0,0.0,0.0,215.0779426,6.442,B,125833,False,False,False,False,35,9,2010
2010-09-03,9,3,9477.95,False,82.47,2.577,0.0,0.0,0.0,0.0,0.0,215.0779426,6.442,B,125833,False,False,False,False,35,9,2010
2010-09-03,9,4,17553.47,False,82.47,2.577,0.0,0.0,0.0,0.0,0.0,215.0779426,6.442,B,125833,False,False,False,False,35,9,2010
2010-09-03,9,5,11600.79,False,82.47,2.577,0.0,0.0,0.0,0.0,0.0,215.0779426,6.442,B,125833,False,False,False,False,35,9,2010
2010-09-03,9,6,1652.63,False,82.47,2.577,0.0,0.0,0.0,0.0,0.0,215.0779426,6.442,B,125833,False,False,False,False,35,9,2010
2010-09-03,9,7,10427.65,False,82.47,2.577,0.0,0.0,0.0,0.0,0.0,215.0779426,6.442,B,125833,False,False,False,False,35,9,2010
2010-09-03,9,8,20902.76,False,82.47,2.577,0.0,0.0,0.0,0.0,0.0,215.0779426,6.442,B,125833,False,False,False,False,35,9,2010
2010-09-03,9,9,30304.78,False,82.47,2.577,0.0,0.0,0.0,0.0,0.0,215.0779426,6.442,B,125833,False,False,False,False,35,9,2010
2010-09-10,9,1,9883.89,True,77.7,2.565,0.0,0.0,0.0,0.0,0.0,215.0359315,6.442,B,125833,False,True,False,False,36,9,2010
2010-09-10,9,2,21674.07,True,77.7,2.565,0.0,0.0,0.0,0.0,0.0,215.0359315,6.442,B,125833,False,True,False,False,36,9,2010
2010-09-10,9,3,5764.45,True,77.7,2.565,0.0,0.0,0.0,0.0,0.0,215.0359315,6.442,B,125833,False,True,False,False,36,9,2010
2010-09-10,9,4,16297.74,True,77.7,2.565,0.0,0.0,0.0,0.0,0.0,215.0359315,6.442,B,125833,False,True,False,False,36,9,2010
2010-09-10,9,5,12379.8,True,77.7,2.565,0.0,0.0,0.0,0.0,0.0,215.0359315,6.442,B,125833,False,True,False,False,36,9,2010
2010-09-10,9,6,3129.72,True,77.7,2.565,0.0,0.0,0.0,0.0,0.0,215.0359315,6.442,B,125833,False,True,False,False,36,9,2010
2010-09-10,9,7,11581.03,True,77.7,2.565,0.0,0.0,0.0,0.0,0.0,215.0359315,6.442,B,125833,False,True,False,False,36,9,2010
2010-09-10,9,8,18330.47,True,77.7,2.565,0.0,0.0,0.0,0.0,0.0,215.0359315,6.442,B,125833,False,True,False,False,36,9,2010
2010-09-10,9,9,25417.42,True,77.7,2.565,0.0,0.0,0.0,0.0,0.0,215.0359315,6.442,B,125833,False,True,False,False,36,9,2010
2010-09-17,9,1,10705.6,False,81.19,2.582,0.0,0.0,0.0,0.0,0.0,215.0615285,6.442,B,125833,False,False,False,False,37,9,2010
2010-09-17,9,2,24255.72,False,81.19,2.582,0.0,0.0,0.0,0.0,0.0,215.0615285,6.442,B,125833,False,False,False,False,37,9,2010
2010-09-17,9,3,4414.3,False,81.19,2.582,0.0,0.0,0.0,0.0,0.0,215.0615285,6.442,B,125833,False,False,False,False,37,9,2010
2010-09-17,9,4,16399.85,False,81.19,2.582,0.0,0.0,0.0,0.0,0.0,215.0615285,6.442,B,125833,False,False,False,False,37,9,2010
2010-09-17,9,5,13750.61,False,81.19,2.582,0.0,0.0,0.0,0.0,0.0,215.0615285,6.442,B,125833,False,False,False,False,37,9,2010
2010-09-17,9,6,1316.26,False,81.19,2.582,0.0,0.0,0.0,0.0,0.0,215.0615285,6.442,B,125833,False,False,False,False,37,9,2010
2010-09-17,9,7,8917.24,False,81.19,2.582,0.0,0.0,0.0,0.0,0.0,215.0615285,6.442,B,125833,False,False,False,False,37,9,2010
2010-09-17,9,8,18452.01,False,81.19,2.582,0.0,0.0,0.0,0.0,0.0,215.0615285,6.442,B,125833,False,False,False,False,37,9,2010
2010-09-17,9,9,13991.46,False,81.19,2.582,0.0,0.0,0.0,0.0,0.0,215.0615285,6.442,B,125833,False,False,False,False,37,9,2010
2010-09-24,9,1,10713.65,False,77.15,2.624,0.0,0.0,0.0,0.0,0.0,215.1378313,6.442,B,125833,False,False,False,False,38,9,2010
2010-09-24,9,2,22339.75,False,77.15,2.624,0.0,0.0,0.0,0.0,0.0,215.1378313,6.442,B,125833,False,False,False,False,38,9,2010
2010-09-24,9,3,4647.18,False,77.15,2.624,0.0,0.0,0.0,0.0,0.0,215.1378313,6.442,B,125833,False,False,False,False,38,9,2010
2010-09-24,9,4,15526.81,False,77.15,2.624,0.0,0.0,0.0,0.0,0.0,215.1378313,6.442,B,125833,False,False,False,False,38,9,2010
2010-09-24,9,5,13627.56,False,77.15,2.624,0.0,0.0,0.0,0.0,0.0,215.1378313,6.442,B,125833,False,False,False,False,38,9,2010
2010-09-24,9,6,2710.87,False,77.15,2.624,0.0,0.0,0.0,0.0,0.0,215.1378313,6.442,B,125833,False,False,False,False,38,9,2010
2010-09-24,9,7,9620.2,False,77.15,2.624,0.0,0.0,0.0,0.0,0.0,215.1378313,6.442,B,125833,False,False,False,False,38,9,2010
2010-09-24,9,8,19402.41,False,77.15,2.624,0.0,0.0,0.0,0.0,0.0,215.1378313,6.442,B,125833,False,False,False,False,38,9,2010
2010-09-24,9,9,12274.96,False,77.15,2.624,0.0,0.0,0.0,0.0,0.0,215.1378313,6.442,B,125833,False,False,False,False,38,9,2010
2010-10-01,9,1,11978.42,False,69.08,2.603,0.0,0.0,0.0,0.0,0.0,215.2141341,6.56,B,125833,False,False,False,False,39,10,2010
2010-10-01,9,2,24455.27,False,69.08,2.603,0.0,0.0,0.0,0.0,0.0,215.2141341,6.56,B,125833,False,False,False,False,39,10,2010
2010-10-01,9,3,5053.7,False,69.08,2.603,0.0,0.0,0.0,0.0,0.0,215.2141341,6.56,B,125833,False,False,False,False,39,10,2010
2010-10-01,9,4,16591.05,False,69.08,2.603,0.0,0.0,0.0,0.0,0.0,215.2141341,6.56,B,125833,False,False,False,False,39,10,2010
2010-10-01,9,5,19831.03,False,69.08,2.603,0.0,0.0,0.0,0.0,0.0,215.2141341,6.56,B,125833,False,False,False,False,39,10,2010
2010-10-01,9,6,2964.15,False,69.08,2.603,0.0,0.0,0.0,0.0,0.0,215.2141341,6.56,B,125833,False,False,False,False,39,10,2010
2010-10-01,9,7,9134.92,False,69.08,2.603,0.0,0.0,0.0,0.0,0.0,215.2141341,6.56,B,125833,False,False,False,False,39,10,2010
2010-10-01,9,8,20248.52,False,69.08,2.603,0.0,0.0,0.0,0.0,0.0,215.2141341,6.56,B,125833,False,False,False,False,39,10,2010
2010-10-01,9,9,14167.79,False,69.08,2.603,0.0,0.0,0.0,0.0,0.0,215.2141341,6.56,B,125833,False,False,False,False,39,10,2010
2010-10-08,9,1,13152.32,False,65.35,2.633,0.0,0.0,0.0,0.0,0.0,215.290437,6.56,B,125833,False,False,False,False,40,10,2010
2010-10-08,9,2,25499.67,False,65.35,2.633,0.0,0.0,0.0,0.0,0.0,215.290437,6.56,B,125833,False,False,False,False,40,10,2010
2010-10-08,9,3,5367.57,False,65.35,2.633,0.0,0.0,0.0,0.0,0.0,215.290437,6.56,B,125833,False,False,False,False,40,10,2010
2010-10-08,9,4,17285.36,False,65.35,2.633,0.0,0.0,0.0,0.0,0.0,215.290437,6.56,B,125833,False,False,False,False,40,10,2010
2010-10-08,9,5,15984.97,False,65.35,2.633,0.0,0.0,0.0,0.0,0.0,215.290437,6.56,B,125833,False,False,False,False,40,10,2010
2010-10-08,9,6,4191.66,False,65.35,2.633,0.0,0.0,0.0,0.0,0.0,215.290437,6.56,B,125833,False,False,False,False,40,10,2010
2010-10-08,9,7,8315.5,False,65.35,2.633,0.0,0.0,0.0,0.0,0.0,215.290437,6.56,B,125833,False,False,False,False,40,10,2010
2010-10-08,9,8,22229.44,False,65.35,2.633,0.0,0.0,0.0,0.0,0.0,215.290437,6.56,B,125833,False,False,False,False,40,10,2010
2010-10-08,9,9,12998.14,False,65.35,2.633,0.0,0.0,0.0,0.0,0.0,215.290437,6.56,B,125833,False,False,False,False,40,10,2010
2010-10-15,9,1,12164.67,False,67.36,2.72,0.0,0.0,0.0,0.0,0.0,215.3589917,6.56,B,125833,False,False,False,False,41,10,2010
2010-10-15,9,2,22020.7,False,67.36,2.72,0.0,0.0,0.0,0.0,0.0,215.3589917,6.56,B,125833,False,False,False,False,41,10,2010
2010-10-15,9,3,4827.22,False,67.36,2.72,0.0,0.0,0.0,0.0,0.0,215.3589917,6.56,B,125833,False,False,False,False,41,10,2010
2010-10-15,9,4,14910.37,False,67.36,2.72,0.0,0.0,0.0,0.0,0.0,215.3589917,6.56,B,125833,False,False,False,False,41,10,2010
2010-10-15,9,5,15877.17,False,67.36,2.72,0.0,0.0,0.0,0.0,0.0,215.3589917,6.56,B,125833,False,False,False,False,41,10,2010
2010-10-15,9,6,1889.32,False,67.36,2.72,0.0,0.0,0.0,0.0,0.0,215.3589917,6.56,B,125833,False,False,False,False,41,10,2010
2010-10-15,9,7,8930.43,False,67.36,2.72,0.0,0.0,0.0,0.0,0.0,215.3589917,6.56,B,125833,False,False,False,False,41,10,2010
2010-10-15,9,8,19200.41,False,67.36,2.72,0.0,0.0,0.0,0.0,0.0,215.3589917,6.56,B,125833,False,False,False,False,41,10,2010
2010-10-15,9,9,10405.18,False,67.36,2.72,0.0,0.0,0.0,0.0,0.0,215.3589917,6.56,B,125833,False,False,False,False,41,10,2010
2010-10-22,9,1,12955.32,False,69.99,2.725,0.0,0.0,0.0,0.0,0.0,215.4081762,6.56,B,125833,False,False,False,False,42,10,2010
2010-10-22,9,2,23201.19,False,69.99,2.725,0.0,0.0,0.0,0.0,0.0,215.4081762,6.56,B,125833,False,False,False,False,42,10,2010
2010-10-22,9,3,4598.86,False,69.99,2.725,0.0,0.0,0.0,0.0,0.0,215.4081762,6.56,B,125833,False,False,False,False,42,10,2010
2010-10-22,9,4,15719.62,False,69.99,2.725,0.0,0.0,0.0,0.0,0.0,215.4081762,6.56,B,125833,False,False,False,False,42,10,2010
2010-10-22,9,5,14745.38,False,69.99,2.725,0.0,0.0,0.0,0.0,0.0,215.4081762,6.56,B,125833,False,False,False,False,42,10,2010
2010-10-22,9,6,2430.0,False,69.99,2.725,0.0,0.0,0.0,0.0,0.0,215.4081762,6.56,B,125833,False,False,False,False,42,10,2010
2010-10-22,9,7,8621.68,False,69.99,2.725,0.0,0.0,0.0,0.0,0.0,215.4081762,6.56,B,125833,False,False,False,False,42,10,2010
2010-10-22,9,8,19947.8,False,69.99,2.725,0.0,0.0,0.0,0.0,0.0,215.4081762,6.56,B,125833,False,False,False,False,42,10,2010
2010-10-22,9,9,8942.32,False,69.99,2.725,0.0,0.0,0.0,0.0,0.0,215.4081762,6.56,B,125833,False,False,False,False,42,10,2010
2010-10-29,9,1,22080.96,False,64.43,2.716,0.0,0.0,0.0,0.0,0.0,215.4573607,6.56,B,125833,False,False,False,False,43,10,2010
2010-10-29,9,2,22782.4,False,64.43,2.716,0.0,0.0,0.0,0.0,0.0,215.4573607,6.56,B,125833,False,False,False,False,43,10,2010
2010-10-29,9,3,5077.35,False,64.43,2.716,0.0,0.0,0.0,0.0,0.0,215.4573607,6.56,B,125833,False,False,False,False,43,10,2010
2010-10-29,9,4,16303.36,False,64.43,2.716,0.0,0.0,0.0,0.0,0.0,215.4573607,6.56,B,125833,False,False,False,False,43,10,2010
2010-10-29,9,5,13165.22,False,64.43,2.716,0.0,0.0,0.0,0.0,0.0,215.4573607,6.56,B,125833,False,False,False,False,43,10,2010
2010-10-29,9,6,2217.9,False,64.43,2.716,0.0,0.0,0.0,0.0,0.0,215.4573607,6.56,B,125833,False,False,False,False,43,10,2010
2010-10-29,9,7,8954.07,False,64.43,2.716,0.0,0.0,0.0,0.0,0.0,215.4573607,6.56,B,125833,False,False,False,False,43,10,2010
2010-10-29,9,8,20325.59,False,64.43,2.716,0.0,0.0,0.0,0.0,0.0,215.4573607,6.56,B,125833,False,False,False,False,43,10,2010
2010-10-29,9,9,11387.82,False,64.43,2.716,0.0,0.0,0.0,0.0,0.0,215.4573607,6.56,B,125833,False,False,False,False,43,10,2010
2010-11-05,9,1,18538.13,False,58.69,2.689,0.0,0.0,0.0,0.0,0.0,215.5065452,6.56,B,125833,False,False,False,False,44,11,2010
2010-11-05,9,2,25073.55,False,58.69,2.689,0.0,0.0,0.0,0.0,0.0,215.5065452,6.56,B,125833,False,False,False,False,44,11,2010
2010-11-05,9,3,5045.25,False,58.69,2.689,0.0,0.0,0.0,0.0,0.0,215.5065452,6.56,B,125833,False,False,False,False,44,11,2010
2010-11-05,9,4,17675.61,False,58.69,2.689,0.0,0.0,0.0,0.0,0.0,215.5065452,6.56,B,125833,False,False,False,False,44,11,2010
2010-11-05,9,5,16659.44,False,58.69,2.689,0.0,0.0,0.0,0.0,0.0,215.5065452,6.56,B,125833,False,False,False,False,44,11,2010
2010-11-05,9,6,2807.37,False,58.69,2.689,0.0,0.0,0.0,0.0,0.0,215.5065452,6.56,B,125833,False,False,False,False,44,11,2010
2010-11-05,9,7,8827.15,False,58.69,2.689,0.0,0.0,0.0,0.0,0.0,215.5065452,6.56,B,125833,False,False,False,False,44,11,2010
2010-11-05,9,8,22012.84,False,58.69,2.689,0.0,0.0,0.0,0.0,0.0,215.5065452,6.56,B,125833,False,False,False,False,44,11,2010
2010-11-05,9,9,12707.08,False,58.69,2.689,0.0,0.0,0.0,0.0,0.0,215.5065452,6.56,B,125833,False,False,False,False,44,11,2010
2010-11-12,9,1,11328.27,False,61.59,2.728,0.0,0.0,0.0,0.0,0.0,215.5557297,6.56,B,125833,False,False,False,False,45,11,2010
2010-11-12,9,2,21781.53,False,61.59,2.728,0.0,0.0,0.0,0.0,0.0,215.5557297,6.56,B,125833,False,False,False,False,45,11,2010
2010-11-12,9,3,4877.87,False,61.59,2.728,0.0,0.0,0.0,0.0,0.0,215.5557297,6.56,B,125833,False,False,False,False,45,11,2010
2010-11-12,9,4,16722.61,False,61.59,2.728,0.0,0.0,0.0,0.0,0.0,215.5557297,6.56,B,125833,False,False,False,False,45,11,2010
2010-11-12,9,5,18964.64,False,61.59,2.728,0.0,0.0,0.0,0.0,0.0,215.5557297,6.56,B,125833,False,False,False,False,45,11,2010
2010-11-12,9,6,1804.02,False,61.59,2.728,0.0,0.0,0.0,0.0,0.0,215.5557297,6.56,B,125833,False,False,False,False,45,11,2010
2010-11-12,9,7,11040.13,False,61.59,2.728,0.0,0.0,0.0,0.0,0.0,215.5557297,6.56,B,125833,False,False,False,False,45,11,2010
2010-11-12,9,8,21127.58,False,61.59,2.728,0.0,0.0,0.0,0.0,0.0,215.5557297,6.56,B,125833,False,False,False,False,45,11,2010
2010-11-12,9,9,14265.1,False,61.59,2.728,0.0,0.0,0.0,0.0,0.0,215.5557297,6.56,B,125833,False,False,False,False,45,11,2010
2010-11-19,9,1,9203.2,False,49.96,2.771,0.0,0.0,0.0,0.0,0.0,215.4372854,6.56,B,125833,False,False,False,False,46,11,2010
2010-11-19,9,2,21034.26,False,49.96,2.771,0.0,0.0,0.0,0.0,0.0,215.4372854,6.56,B,125833,False,False,False,False,46,11,2010
2010-11-19,9,3,5126.42,False,49.96,2.771,0.0,0.0,0.0,0.0,0.0,215.4372854,6.56,B,125833,False,False,False,False,46,11,2010
2010-11-19,9,4,16281.99,False,49.96,2.771,0.0,0.0,0.0,0.0,0.0,215.4372854,6.56,B,125833,False,False,False,False,46,11,2010
2010-11-19,9,5,21981.53,False,49.96,2.771,0.0,0.0,0.0,0.0,0.0,215.4372854,6.56,B,125833,False,False,False,False,46,11,2010
2010-11-19,9,6,3079.32,False,49.96,2.771,0.0,0.0,0.0,0.0,0.0,215.4372854,6.56,B,125833,False,False,False,False,46,11,2010
2010-11-19,9,7,12136.46,False,49.96,2.771,0.0,0.0,0.0,0.0,0.0,215.4372854,6.56,B,125833,False,False,False,False,46,11,2010
2010-11-19,9,8,21928.92,False,49.96,2.771,0.0,0.0,0.0,0.0,0.0,215.4372854,6.56,B,125833,False,False,False,False,46,11,2010
2010-11-19,9,9,10852.68,False,49.96,2.771,0.0,0.0,0.0,0.0,0.0,215.4372854,6.56,B,125833,False,False,False,False,46,11,2010
2010-11-26,9,1,10780.6,True,60.18,2.735,0.0,0.0,0.0,0.0,0.0,215.2909028,6.56,B,125833,False,False,True,False,47,11,2010
2010-11-26,9,2,20904.98,True,60.18,2.735,0.0,0.0,0.0,0.0,0.0,215.2909028,6.56,B,125833,False,False,True,False,47,11,2010
2010-11-26,9,3,6547.02,True,60.18,2.735,0.0,0.0,0.0,0.0,0.0,215.2909028,6.56,B,125833,False,False,True,False,47,11,2010
2010-11-26,9,4,19591.09,True,60.18,2.735,0.0,0.0,0.0,0.0,0.0,215.2909028,6.56,B,125833,False,False,True,False,47,11,2010
2010-11-26,9,5,60469.13,True,60.18,2.735,0.0,0.0,0.0,0.0,0.0,215.2909028,6.56,B,125833,False,False,True,False,47,11,2010
2010-11-26,9,6,20060.58,True,60.18,2.735,0.0,0.0,0.0,0.0,0.0,215.2909028,6.56,B,125833,False,False,True,False,47,11,2010
2010-11-26,9,7,37704.23,True,60.18,2.735,0.0,0.0,0.0,0.0,0.0,215.2909028,6.56,B,125833,False,False,True,False,47,11,2010
2010-11-26,9,8,22279.93,True,60.18,2.735,0.0,0.0,0.0,0.0,0.0,215.2909028,6.56,B,125833,False,False,True,False,47,11,2010
2010-11-26,9,9,19284.89,True,60.18,2.735,0.0,0.0,0.0,0.0,0.0,215.2909028,6.56,B,125833,False,False,True,False,47,11,2010
2010-12-03,9,1,13042.06,False,49.89,2.708,0.0,0.0,0.0,0.0,0.0,215.1445203,6.56,B,125833,False,False,False,False,48,12,2010
2010-12-03,9,2,22811.12,False,49.89,2.708,0.0,0.0,0.0,0.0,0.0,215.1445203,6.56,B,125833,False,False,False,False,48,12,2010
2010-12-03,9,3,7029.09,False,49.89,2.708,0.0,0.0,0.0,0.0,0.0,215.1445203,6.56,B,125833,False,False,False,False,48,12,2010
2010-12-03,9,4,17600.03,False,49.89,2.708,0.0,0.0,0.0,0.0,0.0,215.1445203,6.56,B,125833,False,False,False,False,48,12,2010
2010-12-03,9,5,24476.6,False,49.89,2.708,0.0,0.0,0.0,0.0,0.0,215.1445203,6.56,B,125833,False,False,False,False,48,12,2010
2010-12-03,9,6,3490.08,False,49.89,2.708,0.0,0.0,0.0,0.0,0.0,215.1445203,6.56,B,125833,False,False,False,False,48,12,2010
2010-12-03,9,7,21294.45,False,49.89,2.708,0.0,0.0,0.0,0.0,0.0,215.1445203,6.56,B,125833,False,False,False,False,48,12,2010
2010-12-03,9,8,21240.78,False,49.89,2.708,0.0,0.0,0.0,0.0,0.0,215.1445203,6.56,B,125833,False,False,False,False,48,12,2010
2010-12-03,9,9,8871.47,False,49.89,2.708,0.0,0.0,0.0,0.0,0.0,215.1445203,6.56,B,125833,False,False,False,False,48,12,2010
2010-12-10,9,1,15836.25,False,46.1,2.843,0.0,0.0,0.0,0.0,0.0,214.9981378,6.56,B,125833,False,False,False,False,49,12,2010
2010-12-10,9,2,23518.64,False,46.1,2.843,0.0,0.0,0.0,0.0,0.0,214.9981378,6.56,B,125833,False,False,False,False,49,12,2010
2010-12-10,9,3,6808.02,False,46.1,2.843,0.0,0.0,0.0,0.0,0.0,214.9981378,6.56,B,125833,False,False,False,False,49,12,2010
2010-12-10,9,4,16001.23,False,46.1,2.843,0.0,0.0,0.0,0.0,0.0,214.9981378,6.56,B,125833,False,False,False,False,49,12,2010
2010-12-10,9,5,35204.96,False,46.1,2.843,0.0,0.0,0.0,0.0,0.0,214.9981378,6.56,B,125833,False,False,False,False,49,12,2010
2010-12-10,9,6,4721.0,False,46.1,2.843,0.0,0.0,0.0,0.0,0.0,214.9981378,6.56,B,125833,False,False,False,False,49,12,2010
2010-12-10,9,7,29444.89,False,46.1,2.843,0.0,0.0,0.0,0.0,0.0,214.9981378,6.56,B,125833,False,False,False,False,49,12,2010
2010-12-10,9,8,21709.85,False,46.1,2.843,0.0,0.0,0.0,0.0,0.0,214.9981378,6.56,B,125833,False,False,False,False,49,12,2010
2010-12-10,9,9,10533.8,False,46.1,2.843,0.0,0.0,0.0,0.0,0.0,214.9981378,6.56,B,125833,False,False,False,False,49,12,2010
2010-12-17,9,1,22137.23,False,49.7,2.869,0.0,0.0,0.0,0.0,0.0,214.9334937,6.56,B,125833,False,False,False,False,50,12,2010
2010-12-17,9,2,29369.0,False,49.7,2.869,0.0,0.0,0.0,0.0,0.0,214.9334937,6.56,B,125833,False,False,False,False,50,12,2010
2010-12-17,9,3,7950.48,False,49.7,2.869,0.0,0.0,0.0,0.0,0.0,214.9334937,6.56,B,125833,False,False,False,False,50,12,2010
2010-12-17,9,4,17106.9,False,49.7,2.869,0.0,0.0,0.0,0.0,0.0,214.9334937,6.56,B,125833,False,False,False,False,50,12,2010
2010-12-17,9,5,42983.78,False,49.7,2.869,0.0,0.0,0.0,0.0,0.0,214.9334937,6.56,B,125833,False,False,False,False,50,12,2010
2010-12-17,9,6,7252.48,False,49.7,2.869,0.0,0.0,0.0,0.0,0.0,214.9334937,6.56,B,125833,False,False,False,False,50,12,2010
2010-12-17,9,7,44240.34,False,49.7,2.869,0.0,0.0,0.0,0.0,0.0,214.9334937,6.56,B,125833,False,False,False,False,50,12,2010
2010-12-17,9,8,22127.01,False,49.7,2.869,0.0,0.0,0.0,0.0,0.0,214.9334937,6.56,B,125833,False,False,False,False,50,12,2010
2010-12-17,9,9,12852.16,False,49.7,2.869,0.0,0.0,0.0,0.0,0.0,214.9334937,6.56,B,125833,False,False,False,False,50,12,2010
2010-12-24,9,1,21230.47,False,50.93,2.886,0.0,0.0,0.0,0.0,0.0,214.9301534,6.56,B,125833,False,False,False,False,51,12,2010
2010-12-24,9,2,31330.49,False,50.93,2.886,0.0,0.0,0.0,0.0,0.0,214.9301534,6.56,B,125833,False,False,False,False,51,12,2010
2010-12-24,9,3,8557.94,False,50.93,2.886,0.0,0.0,0.0,0.0,0.0,214.9301534,6.56,B,125833,False,False,False,False,51,12,2010
2010-12-24,9,4,19989.46,False,50.93,2.886,0.0,0.0,0.0,0.0,0.0,214.9301534,6.56,B,125833,False,False,False,False,51,12,2010
2010-12-24,9,5,66611.27,False,50.93,2.886,0.0,0.0,0.0,0.0,0.0,214.9301534,6.56,B,125833,False,False,False,False,51,12,2010
2010-12-24,9,6,13552.92,False,50.93,2.886,0.0,0.0,0.0,0.0,0.0,214.9301534,6.56,B,125833,False,False,False,False,51,12,2010
2010-12-24,9,7,68215.32,False,50.93,2.886,0.0,0.0,0.0,0.0,0.0,214.9301534,6.56,B,125833,False,False,False,False,51,12,2010
2010-12-24,9,8,25502.27,False,50.93,2.886,0.0,0.0,0.0,0.0,0.0,214.9301534,6.56,B,125833,False,False,False,False,51,12,2010
2010-12-24,9,9,21701.96,False,50.93,2.886,0.0,0.0,0.0,0.0,0.0,214.9301534,6.56,B,125833,False,False,False,False,51,12,2010
2010-12-31,9,1,7820.01,True,45.92,2.943,0.0,0.0,0.0,0.0,0.0,214.9268131,6.56,B,125833,False,False,False,True,52,12,2010
2010-12-31,9,2,19739.33,True,45.92,2.943,0.0,0.0,0.0,0.0,0.0,214.9268131,6.56,B,125833,False,False,False,True,52,12,2010
2010-12-31,9,3,4750.41,True,45.92,2.943,0.0,0.0,0.0,0.0,0.0,214.9268131,6.56,B,125833,False,False,False,True,52,12,2010
2010-12-31,9,4,16401.97,True,45.92,2.943,0.0,0.0,0.0,0.0,0.0,214.9268131,6.56,B,125833,False,False,False,True,52,12,2010
2010-12-31,9,5,22508.43,True,45.92,2.943,0.0,0.0,0.0,0.0,0.0,214.9268131,6.56,B,125833,False,False,False,True,52,12,2010
2010-12-31,9,6,2059.88,True,45.92,2.943,0.0,0.0,0.0,0.0,0.0,214.9268131,6.56,B,125833,False,False,False,True,52,12,2010
2010-12-31,9,7,10460.13,True,45.92,2.943,0.0,0.0,0.0,0.0,0.0,214.9268131,6.56,B,125833,False,False,False,True,52,12,2010
2010-12-31,9,8,18775.99,True,45.92,2.943,0.0,0.0,0.0,0.0,0.0,214.9268131,6.56,B,125833,False,False,False,True,52,12,2010
2010-12-31,9,9,9048.44,True,45.92,2.943,0.0,0.0,0.0,0.0,0.0,214.9268131,6.56,B,125833,False,False,False,True,52,12,2010
2011-01-07,9,1,8365.16,False,41.82,2.976,0.0,0.0,0.0,0.0,0.0,214.9234729,6.416,B,125833,False,False,False,False,1,1,2011
2011-01-07,9,2,23474.96,False,41.82,2.976,0.0,0.0,0.0,0.0,0.0,214.9234729,6.416,B,125833,False,False,False,False,1,1,2011
2011-01-07,9,3,9553.27,False,41.82,2.976,0.0,0.0,0.0,0.0,0.0,214.9234729,6.416,B,125833,False,False,False,False,1,1,2011
2011-01-07,9,4,17271.83,False,41.82,2.976,0.0,0.0,0.0,0.0,0.0,214.9234729,6.416,B,125833,False,False,False,False,1,1,2011
2011-01-07,9,5,19184.56,False,41.82,2.976,0.0,0.0,0.0,0.0,0.0,214.9234729,6.416,B,125833,False,False,False,False,1,1,2011
2011-01-07,9,6,2022.88,False,41.82,2.976,0.0,0.0,0.0,0.0,0.0,214.9234729,6.416,B,125833,False,False,False,False,1,1,2011
2011-01-07,9,7,9118.79,False,41.82,2.976,0.0,0.0,0.0,0.0,0.0,214.9234729,6.416,B,125833,False,False,False,False,1,1,2011
2011-01-07,9,8,21788.34,False,41.82,2.976,0.0,0.0,0.0,0.0,0.0,214.9234729,6.416,B,125833,False,False,False,False,1,1,2011
2011-01-07,9,9,7528.47,False,41.82,2.976,0.0,0.0,0.0,0.0,0.0,214.9234729,6.416,B,125833,False,False,False,False,1,1,2011
2011-01-14,9,1,9049.76,False,36.43,2.983,0.0,0.0,0.0,0.0,0.0,214.9749587,6.416,B,125833,False,False,False,False,2,1,2011
2011-01-14,9,2,20970.09,False,36.43,2.983,0.0,0.0,0.0,0.0,0.0,214.9749587,6.416,B,125833,False,False,False,False,2,1,2011
2011-01-14,9,3,8735.33,False,36.43,2.983,0.0,0.0,0.0,0.0,0.0,214.9749587,6.416,B,125833,False,False,False,False,2,1,2011
2011-01-14,9,4,15890.9,False,36.43,2.983,0.0,0.0,0.0,0.0,0.0,214.9749587,6.416,B,125833,False,False,False,False,2,1,2011
2011-01-14,9,5,15770.11,False,36.43,2.983,0.0,0.0,0.0,0.0,0.0,214.9749587,6.416,B,125833,False,False,False,False,2,1,2011
2011-01-14,9,6,1997.72,False,36.43,2.983,0.0,0.0,0.0,0.0,0.0,214.9749587,6.416,B,125833,False,False,False,False,2,1,2011
2011-01-14,9,7,6990.28,False,36.43,2.983,0.0,0.0,0.0,0.0,0.0,214.9749587,6.416,B,125833,False,False,False,False,2,1,2011
2011-01-14,9,8,21388.7,False,36.43,2.983,0.0,0.0,0.0,0.0,0.0,214.9749587,6.416,B,125833,False,False,False,False,2,1,2011
2011-01-14,9,9,6059.21,False,36.43,2.983,0.0,0.0,0.0,0.0,0.0,214.9749587,6.416,B,125833,False,False,False,False,2,1,2011
2011-01-21,9,1,10042.29,False,44.72,3.016,0.0,0.0,0.0,0.0,0.0,215.3554013,6.416,B,125833,False,False,False,False,3,1,2011
2011-01-21,9,2,22585.63,False,44.72,3.016,0.0,0.0,0.0,0.0,0.0,215.3554013,6.416,B,125833,False,False,False,False,3,1,2011
2011-01-21,9,3,6738.25,False,44.72,3.016,0.0,0.0,0.0,0.0,0.0,215.3554013,6.416,B,125833,False,False,False,False,3,1,2011
2011-01-21,9,4,15638.13,False,44.72,3.016,0.0,0.0,0.0,0.0,0.0,215.3554013,6.416,B,125833,False,False,False,False,3,1,2011
2011-01-21,9,5,14947.29,False,44.72,3.016,0.0,0.0,0.0,0.0,0.0,215.3554013,6.416,B,125833,False,False,False,False,3,1,2011
2011-01-21,9,6,1130.7,False,44.72,3.016,0.0,0.0,0.0,0.0,0.0,215.3554013,6.416,B,125833,False,False,False,False,3,1,2011
2011-01-21,9,7,8246.66,False,44.72,3.016,0.0,0.0,0.0,0.0,0.0,215.3554013,6.416,B,125833,False,False,False,False,3,1,2011
2011-01-21,9,8,21067.31,False,44.72,3.016,0.0,0.0,0.0,0.0,0.0,215.3554013,6.416,B,125833,False,False,False,False,3,1,2011
2011-01-21,9,9,5934.74,False,44.72,3.016,0.0,0.0,0.0,0.0,0.0,215.3554013,6.416,B,125833,False,False,False,False,3,1,2011
2011-01-28,9,1,10534.25,False,43.9,3.01,0.0,0.0,0.0,0.0,0.0,215.7358438,6.416,B,125833,False,False,False,False,4,1,2011
2011-01-28,9,2,22077.4,False,43.9,3.01,0.0,0.0,0.0,0.0,0.0,215.7358438,6.416,B,125833,False,False,False,False,4,1,2011
2011-01-28,9,3,6262.76,False,43.9,3.01,0.0,0.0,0.0,0.0,0.0,215.7358438,6.416,B,125833,False,False,False,False,4,1,2011
2011-01-28,9,4,16148.14,False,43.9,3.01,0.0,0.0,0.0,0.0,0.0,215.7358438,6.416,B,125833,False,False,False,False,4,1,2011
2011-01-28,9,5,17159.35,False,43.9,3.01,0.0,0.0,0.0,0.0,0.0,215.7358438,6.416,B,125833,False,False,False,False,4,1,2011
2011-01-28,9,6,1396.78,False,43.9,3.01,0.0,0.0,0.0,0.0,0.0,215.7358438,6.416,B,125833,False,False,False,False,4,1,2011
2011-01-28,9,7,8469.87,False,43.9,3.01,0.0,0.0,0.0,0.0,0.0,215.7358438,6.416,B,125833,False,False,False,False,4,1,2011
2011-01-28,9,8,19716.58,False,43.9,3.01,0.0,0.0,0.0,0.0,0.0,215.7358438,6.416,B,125833,False,False,False,False,4,1,2011
2011-01-28,9,9,5548.23,False,43.9,3.01,0.0,0.0,0.0,0.0,0.0,215.7358438,6.416,B,125833,False,False,False,False,4,1,2011
2011-02-04,9,1,12386.14,False,31.82,2.989,0.0,0.0,0.0,0.0,0.0,216.1162864,6.416,B,125833,False,False,False,False,5,2,2011
2011-02-04,9,2,22472.32,False,31.82,2.989,0.0,0.0,0.0,0.0,0.0,216.1162864,6.416,B,125833,False,False,False,False,5,2,2011
2011-02-04,9,3,5685.58,False,31.82,2.989,0.0,0.0,0.0,0.0,0.0,216.1162864,6.416,B,125833,False,False,False,False,5,2,2011
2011-02-04,9,4,16581.49,False,31.82,2.989,0.0,0.0,0.0,0.0,0.0,216.1162864,6.416,B,125833,False,False,False,False,5,2,2011
2011-02-04,9,5,27344.53,False,31.82,2.989,0.0,0.0,0.0,0.0,0.0,216.1162864,6.416,B,125833,False,False,False,False,5,2,2011
2011-02-04,9,6,2040.18,False,31.82,2.989,0.0,0.0,0.0,0.0,0.0,216.1162864,6.416,B,125833,False,False,False,False,5,2,2011
2011-02-04,9,7,8646.93,False,31.82,2.989,0.0,0.0,0.0,0.0,0.0,216.1162864,6.416,B,125833,False,False,False,False,5,2,2011
2011-02-04,9,8,24369.35,False,31.82,2.989,0.0,0.0,0.0,0.0,0.0,216.1162864,6.416,B,125833,False,False,False,False,5,2,2011
2011-02-04,9,9,8784.17,False,31.82,2.989,0.0,0.0,0.0,0.0,0.0,216.1162864,6.416,B,125833,False,False,False,False,5,2,2011
2011-02-11,9,1,17609.54,True,34.13,3.022,0.0,0.0,0.0,0.0,0.0,216.496729,6.416,B,125833,True,False,False,False,6,2,2011
2011-02-11,9,2,24927.16,True,34.13,3.022,0.0,0.0,0.0,0.0,0.0,216.496729,6.416,B,125833,True,False,False,False,6,2,2011
2011-02-11,9,3,5500.9,True,34.13,3.022,0.0,0.0,0.0,0.0,0.0,216.496729,6.416,B,125833,True,False,False,False,6,2,2011
2011-02-11,9,4,17383.84,True,34.13,3.022,0.0,0.0,0.0,0.0,0.0,216.496729,6.416,B,125833,True,False,False,False,6,2,2011
2011-02-11,9,5,25882.43,True,34.13,3.022,0.0,0.0,0.0,0.0,0.0,216.496729,6.416,B,125833,True,False,False,False,6,2,2011
2011-02-11,9,6,2410.44,True,34.13,3.022,0.0,0.0,0.0,0.0,0.0,216.496729,6.416,B,125833,True,False,False,False,6,2,2011
2011-02-11,9,7,9392.14,True,34.13,3.022,0.0,0.0,0.0,0.0,0.0,216.496729,6.416,B,125833,True,False,False,False,6,2,2011
2011-02-11,9,8,20473.48,True,34.13,3.022,0.0,0.0,0.0,0.0,0.0,216.496729,6.416,B,125833,True,False,False,False,6,2,2011
2011-02-11,9,9,5903.07,True,34.13,3.022,0.0,0.0,0.0,0.0,0.0,216.496729,6.416,B,125833,True,False,False,False,6,2,2011
2011-02-18,9,1,19262.71,False,58.5,3.045,0.0,0.0,0.0,0.0,0.0,216.8154856,6.416,B,125833,False,False,False,False,7,2,2011
2011-02-18,9,2,26748.66,False,58.5,3.045,0.0,0.0,0.0,0.0,0.0,216.8154856,6.416,B,125833,False,False,False,False,7,2,2011
2011-02-18,9,3,5568.38,False,58.5,3.045,0.0,0.0,0.0,0.0,0.0,216.8154856,6.416,B,125833,False,False,False,False,7,2,2011
2011-02-18,9,4,16876.33,False,58.5,3.045,0.0,0.0,0.0,0.0,0.0,216.8154856,6.416,B,125833,False,False,False,False,7,2,2011
2011-02-18,9,5,25896.47,False,58.5,3.045,0.0,0.0,0.0,0.0,0.0,216.8154856,6.416,B,125833,False,False,False,False,7,2,2011
2011-02-18,9,6,3378.04,False,58.5,3.045,0.0,0.0,0.0,0.0,0.0,216.8154856,6.416,B,125833,False,False,False,False,7,2,2011
2011-02-18,9,7,13130.58,False,58.5,3.045,0.0,0.0,0.0,0.0,0.0,216.8154856,6.416,B,125833,False,False,False,False,7,2,2011
2011-02-18,9,8,22061.28,False,58.5,3.045,0.0,0.0,0.0,0.0,0.0,216.8154856,6.416,B,125833,False,False,False,False,7,2,2011
2011-02-18,9,9,11021.02,False,58.5,3.045,0.0,0.0,0.0,0.0,0.0,216.8154856,6.416,B,125833,False,False,False,False,7,2,2011
2011-02-25,9,1,8805.35,False,59.01,3.065,0.0,0.0,0.0,0.0,0.0,217.1095679,6.416,B,125833,False,False,False,False,8,2,2011
2011-02-25,9,2,25224.1,False,59.01,3.065,0.0,0.0,0.0,0.0,0.0,217.1095679,6.416,B,125833,False,False,False,False,8,2,2011
2011-02-25,9,3,4832.36,False,59.01,3.065,0.0,0.0,0.0,0.0,0.0,217.1095679,6.416,B,125833,False,False,False,False,8,2,2011
2011-02-25,9,4,15923.35,False,59.01,3.065,0.0,0.0,0.0,0.0,0.0,217.1095679,6.416,B,125833,False,False,False,False,8,2,2011
2011-02-25,9,5,20873.9,False,59.01,3.065,0.0,0.0,0.0,0.0,0.0,217.1095679,6.416,B,125833,False,False,False,False,8,2,2011
2011-02-25,9,6,2343.78,False,59.01,3.065,0.0,0.0,0.0,0.0,0.0,217.1095679,6.416,B,125833,False,False,False,False,8,2,2011
2011-02-25,9,7,11330.92,False,59.01,3.065,0.0,0.0,0.0,0.0,0.0,217.1095679,6.416,B,125833,False,False,False,False,8,2,2011
2011-02-25,9,8,19582.22,False,59.01,3.065,0.0,0.0,0.0,0.0,0.0,217.1095679,6.416,B,125833,False,False,False,False,8,2,2011
2011-02-25,9,9,11464.22,False,59.01,3.065,0.0,0.0,0.0,0.0,0.0,217.1095679,6.416,B,125833,False,False,False,False,8,2,2011
2011-03-04,9,1,9177.05,False,60.67,3.288,0.0,0.0,0.0,0.0,0.0,217.4036503,6.416,B,125833,False,False,False,False,9,3,2011
2011-03-04,9,2,26869.5,False,60.67,3.288,0.0,0.0,0.0,0.0,0.0,217.4036503,6.416,B,125833,False,False,False,False,9,3,2011
2011-03-04,9,3,5208.1,False,60.67,3.288,0.0,0.0,0.0,0.0,0.0,217.4036503,6.416,B,125833,False,False,False,False,9,3,2011
2011-03-04,9,4,17026.78,False,60.67,3.288,0.0,0.0,0.0,0.0,0.0,217.4036503,6.416,B,125833,False,False,False,False,9,3,2011
2011-03-04,9,5,22467.08,False,60.67,3.288,0.0,0.0,0.0,0.0,0.0,217.4036503,6.416,B,125833,False,False,False,False,9,3,2011
2011-03-04,9,6,2362.29,False,60.67,3.288,0.0,0.0,0.0,0.0,0.0,217.4036503,6.416,B,125833,False,False,False,False,9,3,2011
2011-03-04,9,7,12615.34,False,60.67,3.288,0.0,0.0,0.0,0.0,0.0,217.4036503,6.416,B,125833,False,False,False,False,9,3,2011
2011-03-04,9,8,20782.93,False,60.67,3.288,0.0,0.0,0.0,0.0,0.0,217.4036503,6.416,B,125833,False,False,False,False,9,3,2011
2011-03-04,9,9,13098.66,False,60.67,3.288,0.0,0.0,0.0,0.0,0.0,217.4036503,6.416,B,125833,False,False,False,False,9,3,2011
2011-03-11,9,1,9588.53,False,54.75,3.459,0.0,0.0,0.0,0.0,0.0,217.6977326,6.416,B,125833,False,False,False,False,10,3,2011
2011-03-11,9,2,24888.34,False,54.75,3.459,0.0,0.0,0.0,0.0,0.0,217.6977326,6.416,B,125833,False,False,False,False,10,3,2011
2011-03-11,9,3,4690.7,False,54.75,3.459,0.0,0.0,0.0,0.0,0.0,217.6977326,6.416,B,125833,False,False,False,False,10,3,2011
2011-03-11,9,4,15676.45,False,54.75,3.459,0.0,0.0,0.0,0.0,0.0,217.6977326,6.416,B,125833,False,False,False,False,10,3,2011
2011-03-11,9,5,20654.95,False,54.75,3.459,0.0,0.0,0.0,0.0,0.0,217.6977326,6.416,B,125833,False,False,False,False,10,3,2011
2011-03-11,9,6,1749.2,False,54.75,3.459,0.0,0.0,0.0,0.0,0.0,217.6977326,6.416,B,125833,False,False,False,False,10,3,2011
2011-03-11,9,7,10287.02,False,54.75,3.459,0.0,0.0,0.0,0.0,0.0,217.6977326,6.416,B,125833,False,False,False,False,10,3,2011
2011-03-11,9,8,20564.89,False,54.75,3.459,0.0,0.0,0.0,0.0,0.0,217.6977326,6.416,B,125833,False,False,False,False,10,3,2011
2011-03-11,9,9,10248.83,False,54.75,3.459,0.0,0.0,0.0,0.0,0.0,217.6977326,6.416,B,125833,False,False,False,False,10,3,2011
2011-03-18,9,1,9387.59,False,63.82,3.488,0.0,0.0,0.0,0.0,0.0,217.9563371,6.416,B,125833,False,False,False,False,11,3,2011
2011-03-18,9,2,22967.8,False,63.82,3.488,0.0,0.0,0.0,0.0,0.0,217.9563371,6.416,B,125833,False,False,False,False,11,3,2011
2011-03-18,9,3,4398.29,False,63.82,3.488,0.0,0.0,0.0,0.0,0.0,217.9563371,6.416,B,125833,False,False,False,False,11,3,2011
2011-03-18,9,4,16207.58,False,63.82,3.488,0.0,0.0,0.0,0.0,0.0,217.9563371,6.416,B,125833,False,False,False,False,11,3,2011
2011-03-18,9,5,18577.67,False,63.82,3.488,0.0,0.0,0.0,0.0,0.0,217.9563371,6.416,B,125833,False,False,False,False,11,3,2011
2011-03-18,9,6,1715.81,False,63.82,3.488,0.0,0.0,0.0,0.0,0.0,217.9563371,6.416,B,125833,False,False,False,False,11,3,2011
2011-03-18,9,7,13186.74,False,63.82,3.488,0.0,0.0,0.0,0.0,0.0,217.9563371,6.416,B,125833,False,False,False,False,11,3,2011
2011-03-18,9,8,20341.98,False,63.82,3.488,0.0,0.0,0.0,0.0,0.0,217.9563371,6.416,B,125833,False,False,False,False,11,3,2011
2011-03-18,9,9,16139.14,False,63.82,3.488,0.0,0.0,0.0,0.0,0.0,217.9563371,6.416,B,125833,False,False,False,False,11,3,2011
2011-03-25,9,1,9909.43,False,68.79,3.473,0.0,0.0,0.0,0.0,0.0,218.2007506,6.416,B,125833,False,False,False,False,12,3,2011
2011-03-25,9,2,23993.84,False,68.79,3.473,0.0,0.0,0.0,0.0,0.0,218.2007506,6.416,B,125833,False,False,False,False,12,3,2011
2011-03-25,9,3,5031.67,False,68.79,3.473,0.0,0.0,0.0,0.0,0.0,218.2007506,6.416,B,125833,False,False,False,False,12,3,2011
2011-03-25,9,4,15566.34,False,68.79,3.473,0.0,0.0,0.0,0.0,0.0,218.2007506,6.416,B,125833,False,False,False,False,12,3,2011
2011-03-25,9,5,15505.49,False,68.79,3.473,0.0,0.0,0.0,0.0,0.0,218.2007506,6.416,B,125833,False,False,False,False,12,3,2011
2011-03-25,9,6,1183.68,False,68.79,3.473,0.0,0.0,0.0,0.0,0.0,218.2007506,6.416,B,125833,False,False,False,False,12,3,2011
2011-03-25,9,7,10099.6,False,68.79,3.473,0.0,0.0,0.0,0.0,0.0,218.2007506,6.416,B,125833,False,False,False,False,12,3,2011
2011-03-25,9,8,18856.81,False,68.79,3.473,0.0,0.0,0.0,0.0,0.0,218.2007506,6.416,B,125833,False,False,False,False,12,3,2011
2011-03-25,9,9,12077.18,False,68.79,3.473,0.0,0.0,0.0,0.0,0.0,218.2007506,6.416,B,125833,False,False,False,False,12,3,2011
2011-04-01,9,1,10393.72,False,56.12,3.524,0.0,0.0,0.0,0.0,0.0,218.445164,6.38,B,125833,False,False,False,False,13,4,2011
2011-04-01,9,2,24217.87,False,56.12,3.524,0.0,0.0,0.0,0.0,0.0,218.445164,6.38,B,125833,False,False,False,False,13,4,2011
2011-04-01,9,3,5610.74,False,56.12,3.524,0.0,0.0,0.0,0.0,0.0,218.445164,6.38,B,125833,False,False,False,False,13,4,2011
2011-04-01,9,4,16236.48,False,56.12,3.524,0.0,0.0,0.0,0.0,0.0,218.445164,6.38,B,125833,False,False,False,False,13,4,2011
2011-04-01,9,5,17952.34,False,56.12,3.524,0.0,0.0,0.0,0.0,0.0,218.445164,6.38,B,125833,False,False,False,False,13,4,2011
2011-04-01,9,6,2667.64,False,56.12,3.524,0.0,0.0,0.0,0.0,0.0,218.445164,6.38,B,125833,False,False,False,False,13,4,2011
2011-04-01,9,7,10463.77,False,56.12,3.524,0.0,0.0,0.0,0.0,0.0,218.445164,6.38,B,125833,False,False,False,False,13,4,2011
2011-04-01,9,8,21273.09,False,56.12,3.524,0.0,0.0,0.0,0.0,0.0,218.445164,6.38,B,125833,False,False,False,False,13,4,2011
2011-04-01,9,9,12231.93,False,56.12,3.524,0.0,0.0,0.0,0.0,0.0,218.445164,6.38,B,125833,False,False,False,False,13,4,2011
2011-04-08,9,1,11515.04,False,71.4,3.622,0.0,0.0,0.0,0.0,0.0,218.6895775,6.38,B,125833,False,False,False,False,14,4,2011
2011-04-08,9,2,28951.96,False,71.4,3.622,0.0,0.0,0.0,0.0,0.0,218.6895775,6.38,B,125833,False,False,False,False,14,4,2011
2011-04-08,9,3,5895.36,False,71.4,3.622,0.0,0.0,0.0,0.0,0.0,218.6895775,6.38,B,125833,False,False,False,False,14,4,2011
2011-04-08,9,4,17050.73,False,71.4,3.622,0.0,0.0,0.0,0.0,0.0,218.6895775,6.38,B,125833,False,False,False,False,14,4,2011
2011-04-08,9,5,18329.16,False,71.4,3.622,0.0,0.0,0.0,0.0,0.0,218.6895775,6.38,B,125833,False,False,False,False,14,4,2011
2011-04-08,9,6,2469.04,False,71.4,3.622,0.0,0.0,0.0,0.0,0.0,218.6895775,6.38,B,125833,False,False,False,False,14,4,2011
2011-04-08,9,7,11176.65,False,71.4,3.622,0.0,0.0,0.0,0.0,0.0,218.6895775,6.38,B,125833,False,False,False,False,14,4,2011
2011-04-08,9,8,20471.74,False,71.4,3.622,0.0,0.0,0.0,0.0,0.0,218.6895775,6.38,B,125833,False,False,False,False,14,4,2011
2011-04-08,9,9,17265.93,False,71.4,3.622,0.0,0.0,0.0,0.0,0.0,218.6895775,6.38,B,125833,False,False,False,False,14,4,2011
2011-04-15,9,1,13693.33,False,71.9,3.743,0.0,0.0,0.0,0.0,0.0,218.9134935,6.38,B,125833,False,False,False,False,15,4,2011
2011-04-15,9,2,24077.32,False,71.9,3.743,0.0,0.0,0.0,0.0,0.0,218.9134935,6.38,B,125833,False,False,False,False,15,4,2011
2011-04-15,9,3,5706.48,False,71.9,3.743,0.0,0.0,0.0,0.0,0.0,218.9134935,6.38,B,125833,False,False,False,False,15,4,2011
2011-04-15,9,4,16407.73,False,71.9,3.743,0.0,0.0,0.0,0.0,0.0,218.9134935,6.38,B,125833,False,False,False,False,15,4,2011
2011-04-15,9,5,15077.28,False,71.9,3.743,0.0,0.0,0.0,0.0,0.0,218.9134935,6.38,B,125833,False,False,False,False,15,4,2011
2011-04-15,9,6,2086.86,False,71.9,3.743,0.0,0.0,0.0,0.0,0.0,218.9134935,6.38,B,125833,False,False,False,False,15,4,2011
2011-04-15,9,7,12978.92,False,71.9,3.743,0.0,0.0,0.0,0.0,0.0,218.9134935,6.38,B,125833,False,False,False,False,15,4,2011
2011-04-15,9,8,20666.86,False,71.9,3.743,0.0,0.0,0.0,0.0,0.0,218.9134935,6.38,B,125833,False,False,False,False,15,4,2011
2011-04-15,9,9,13571.53,False,71.9,3.743,0.0,0.0,0.0,0.0,0.0,218.9134935,6.38,B,125833,False,False,False,False,15,4,2011
2011-04-22,9,1,24940.66,False,72.35,3.807,0.0,0.0,0.0,0.0,0.0,219.0861659,6.38,B,125833,False,False,False,False,16,4,2011
2011-04-22,9,2,24328.46,False,72.35,3.807,0.0,0.0,0.0,0.0,0.0,219.0861659,6.38,B,125833,False,False,False,False,16,4,2011
2011-04-22,9,3,5372.3,False,72.35,3.807,0.0,0.0,0.0,0.0,0.0,219.0861659,6.38,B,125833,False,False,False,False,16,4,2011
2011-04-22,9,4,16750.79,False,72.35,3.807,0.0,0.0,0.0,0.0,0.0,219.0861659,6.38,B,125833,False,False,False,False,16,4,2011
2011-04-22,9,5,15636.67,False,72.35,3.807,0.0,0.0,0.0,0.0,0.0,219.0861659,6.38,B,125833,False,False,False,False,16,4,2011
2011-04-22,9,6,2262.8,False,72.35,3.807,0.0,0.0,0.0,0.0,0.0,219.0861659,6.38,B,125833,False,False,False,False,16,4,2011
2011-04-22,9,7,13818.58,False,72.35,3.807,0.0,0.0,0.0,0.0,0.0,219.0861659,6.38,B,125833,False,False,False,False,16,4,2011
2011-04-22,9,8,20691.44,False,72.35,3.807,0.0,0.0,0.0,0.0,0.0,219.0861659,6.38,B,125833,False,False,False,False,16,4,2011
2011-04-22,9,9,13791.89,False,72.35,3.807,0.0,0.0,0.0,0.0,0.0,219.0861659,6.38,B,125833,False,False,False,False,16,4,2011
2011-04-29,9,1,17649.37,False,70.85,3.81,0.0,0.0,0.0,0.0,0.0,219.2588382,6.38,B,125833,False,False,False,False,17,4,2011
2011-04-29,9,2,23119.02,False,70.85,3.81,0.0,0.0,0.0,0.0,0.0,219.2588382,6.38,B,125833,False,False,False,False,17,4,2011
2011-04-29,9,3,4718.68,False,70.85,3.81,0.0,0.0,0.0,0.0,0.0,219.2588382,6.38,B,125833,False,False,False,False,17,4,2011
2011-04-29,9,4,17345.64,False,70.85,3.81,0.0,0.0,0.0,0.0,0.0,219.2588382,6.38,B,125833,False,False,False,False,17,4,2011
2011-04-29,9,5,14336.68,False,70.85,3.81,0.0,0.0,0.0,0.0,0.0,219.2588382,6.38,B,125833,False,False,False,False,17,4,2011
2011-04-29,9,6,2589.88,False,70.85,3.81,0.0,0.0,0.0,0.0,0.0,219.2588382,6.38,B,125833,False,False,False,False,17,4,2011
2011-04-29,9,7,13190.3,False,70.85,3.81,0.0,0.0,0.0,0.0,0.0,219.2588382,6.38,B,125833,False,False,False,False,17,4,2011
2011-04-29,9,8,20471.23,False,70.85,3.81,0.0,0.0,0.0,0.0,0.0,219.2588382,6.38,B,125833,False,False,False,False,17,4,2011
2011-04-29,9,9,12665.06,False,70.85,3.81,0.0,0.0,0.0,0.0,0.0,219.2588382,6.38,B,125833,False,False,False,False,17,4,2011
2011-05-06,9,1,10231.78,False,62.2,3.906,0.0,0.0,0.0,0.0,0.0,219.4315106,6.38,B,125833,False,False,False,False,18,5,2011
2011-05-06,9,2,25982.98,False,62.2,3.906,0.0,0.0,0.0,0.0,0.0,219.4315106,6.38,B,125833,False,False,False,False,18,5,2011
2011-05-06,9,3,6020.1,False,62.2,3.906,0.0,0.0,0.0,0.0,0.0,219.4315106,6.38,B,125833,False,False,False,False,18,5,2011
2011-05-06,9,4,17915.32,False,62.2,3.906,0.0,0.0,0.0,0.0,0.0,219.4315106,6.38,B,125833,False,False,False,False,18,5,2011
2011-05-06,9,5,14568.05,False,62.2,3.906,0.0,0.0,0.0,0.0,0.0,219.4315106,6.38,B,125833,False,False,False,False,18,5,2011
2011-05-06,9,6,2838.49,False,62.2,3.906,0.0,0.0,0.0,0.0,0.0,219.4315106,6.38,B,125833,False,False,False,False,18,5,2011
2011-05-06,9,7,10715.06,False,62.2,3.906,0.0,0.0,0.0,0.0,0.0,219.4315106,6.38,B,125833,False,False,False,False,18,5,2011
2011-05-06,9,8,21958.54,False,62.2,3.906,0.0,0.0,0.0,0.0,0.0,219.4315106,6.38,B,125833,False,False,False,False,18,5,2011
2011-05-06,9,9,13246.92,False,62.2,3.906,0.0,0.0,0.0,0.0,0.0,219.4315106,6.38,B,125833,False,False,False,False,18,5,2011
2011-05-13,9,1,8721.04,False,77.66,3.899,0.0,0.0,0.0,0.0,0.0,219.6041829,6.38,B,125833,False,False,False,False,19,5,2011
2011-05-13,9,2,24733.36,False,77.66,3.899,0.0,0.0,0.0,0.0,0.0,219.6041829,6.38,B,125833,False,False,False,False,19,5,2011
2011-05-13,9,3,5132.71,False,77.66,3.899,0.0,0.0,0.0,0.0,0.0,219.6041829,6.38,B,125833,False,False,False,False,19,5,2011
2011-05-13,9,4,16527.59,False,77.66,3.899,0.0,0.0,0.0,0.0,0.0,219.6041829,6.38,B,125833,False,False,False,False,19,5,2011
2011-05-13,9,5,11684.43,False,77.66,3.899,0.0,0.0,0.0,0.0,0.0,219.6041829,6.38,B,125833,False,False,False,False,19,5,2011
2011-05-13,9,6,5954.15,False,77.66,3.899,0.0,0.0,0.0,0.0,0.0,219.6041829,6.38,B,125833,False,False,False,False,19,5,2011
2011-05-13,9,7,11494.39,False,77.66,3.899,0.0,0.0,0.0,0.0,0.0,219.6041829,6.38,B,125833,False,False,False,False,19,5,2011
2011-05-13,9,8,21620.69,False,77.66,3.899,0.0,0.0,0.0,0.0,0.0,219.6041829,6.38,B,125833,False,False,False,False,19,5,2011
2011-05-13,9,9,11052.04,False,77.66,3.899,0.0,0.0,0.0,0.0,0.0,219.6041829,6.38,B,125833,False,False,False,False,19,5,2011
2011-05-20,9,1,8497.04,False,70.49,3.907,0.0,0.0,0.0,0.0,0.0,219.3622809,6.38,B,125833,False,False,False,False,20,5,2011
2011-05-20,9,2,23861.78,False,70.49,3.907,0.0,0.0,0.0,0.0,0.0,219.3622809,6.38,B,125833,False,False,False,False,20,5,2011
2011-05-20,9,3,5939.25,False,70.49,3.907,0.0,0.0,0.0,0.0,0.0,219.3622809,6.38,B,125833,False,False,False,False,20,5,2011
2011-05-20,9,4,16619.03,False,70.49,3.907,0.0,0.0,0.0,0.0,0.0,219.3622809,6.38,B,125833,False,False,False,False,20,5,2011
2011-05-20,9,5,14436.48,False,70.49,3.907,0.0,0.0,0.0,0.0,0.0,219.3622809,6.38,B,125833,False,False,False,False,20,5,2011
2011-05-20,9,6,2075.65,False,70.49,3.907,0.0,0.0,0.0,0.0,0.0,219.3622809,6.38,B,125833,False,False,False,False,20,5,2011
2011-05-20,9,7,12490.32,False,70.49,3.907,0.0,0.0,0.0,0.0,0.0,219.3622809,6.38,B,125833,False,False,False,False,20,5,2011
2011-05-20,9,8,20488.36,False,70.49,3.907,0.0,0.0,0.0,0.0,0.0,219.3622809,6.38,B,125833,False,False,False,False,20,5,2011
2011-05-20,9,9,11926.49,False,70.49,3.907,0.0,0.0,0.0,0.0,0.0,219.3622809,6.38,B,125833,False,False,False,False,20,5,2011
2011-05-27,9,1,8687.9,False,80.42,3.786,0.0,0.0,0.0,0.0,0.0,219.1203788,6.38,B,125833,False,False,False,False,21,5,2011
2011-05-27,9,2,24921.08,False,80.42,3.786,0.0,0.0,0.0,0.0,0.0,219.1203788,6.38,B,125833,False,False,False,False,21,5,2011
2011-05-27,9,3,4899.69,False,80.42,3.786,0.0,0.0,0.0,0.0,0.0,219.1203788,6.38,B,125833,False,False,False,False,21,5,2011
2011-05-27,9,4,16852.75,False,80.42,3.786,0.0,0.0,0.0,0.0,0.0,219.1203788,6.38,B,125833,False,False,False,False,21,5,2011
2011-05-27,9,5,15956.55,False,80.42,3.786,0.0,0.0,0.0,0.0,0.0,219.1203788,6.38,B,125833,False,False,False,False,21,5,2011
2011-05-27,9,6,3266.4,False,80.42,3.786,0.0,0.0,0.0,0.0,0.0,219.1203788,6.38,B,125833,False,False,False,False,21,5,2011
2011-05-27,9,7,16661.92,False,80.42,3.786,0.0,0.0,0.0,0.0,0.0,219.1203788,6.38,B,125833,False,False,False,False,21,5,2011
2011-05-27,9,8,21813.28,False,80.42,3.786,0.0,0.0,0.0,0.0,0.0,219.1203788,6.38,B,125833,False,False,False,False,21,5,2011
2011-05-27,9,9,14077.21,False,80.42,3.786,0.0,0.0,0.0,0.0,0.0,219.1203788,6.38,B,125833,False,False,False,False,21,5,2011
2011-06-03,9,1,9240.67,False,85.8,3.699,0.0,0.0,0.0,0.0,0.0,218.8784768,6.38,B,125833,False,False,False,False,22,6,2011
2011-06-03,9,2,27252.62,False,85.8,3.699,0.0,0.0,0.0,0.0,0.0,218.8784768,6.38,B,125833,False,False,False,False,22,6,2011
2011-06-03,9,3,4164.37,False,85.8,3.699,0.0,0.0,0.0,0.0,0.0,218.8784768,6.38,B,125833,False,False,False,False,22,6,2011
2011-06-03,9,4,17473.04,False,85.8,3.699,0.0,0.0,0.0,0.0,0.0,218.8784768,6.38,B,125833,False,False,False,False,22,6,2011
2011-06-03,9,5,17196.93,False,85.8,3.699,0.0,0.0,0.0,0.0,0.0,218.8784768,6.38,B,125833,False,False,False,False,22,6,2011
2011-06-03,9,6,2451.45,False,85.8,3.699,0.0,0.0,0.0,0.0,0.0,218.8784768,6.38,B,125833,False,False,False,False,22,6,2011
2011-06-03,9,7,23035.13,False,85.8,3.699,0.0,0.0,0.0,0.0,0.0,218.8784768,6.38,B,125833,False,False,False,False,22,6,2011
2011-06-03,9,8,21539.12,False,85.8,3.699,0.0,0.0,0.0,0.0,0.0,218.8784768,6.38,B,125833,False,False,False,False,22,6,2011
2011-06-03,9,9,15864.04,False,85.8,3.699,0.0,0.0,0.0,0.0,0.0,218.8784768,6.38,B,125833,False,False,False,False,22,6,2011
2011-06-10,9,1,8963.92,False,85.81,3.648,0.0,0.0,0.0,0.0,0.0,218.6365747,6.38,B,125833,False,False,False,False,23,6,2011
2011-06-10,9,2,25906.82,False,85.81,3.648,0.0,0.0,0.0,0.0,0.0,218.6365747,6.38,B,125833,False,False,False,False,23,6,2011
2011-06-10,9,3,5242.65,False,85.81,3.648,0.0,0.0,0.0,0.0,0.0,218.6365747,6.38,B,125833,False,False,False,False,23,6,2011
2011-06-10,9,4,16113.5,False,85.81,3.648,0.0,0.0,0.0,0.0,0.0,218.6365747,6.38,B,125833,False,False,False,False,23,6,2011
2011-06-10,9,5,16569.07,False,85.81,3.648,0.0,0.0,0.0,0.0,0.0,218.6365747,6.38,B,125833,False,False,False,False,23,6,2011
2011-06-10,9,6,2021.17,False,85.81,3.648,0.0,0.0,0.0,0.0,0.0,218.6365747,6.38,B,125833,False,False,False,False,23,6,2011
2011-06-10,9,7,15347.85,False,85.81,3.648,0.0,0.0,0.0,0.0,0.0,218.6365747,6.38,B,125833,False,False,False,False,23,6,2011
2011-06-10,9,8,19332.76,False,85.81,3.648,0.0,0.0,0.0,0.0,0.0,218.6365747,6.38,B,125833,False,False,False,False,23,6,2011
2011-06-10,9,9,14668.86,False,85.81,3.648,0.0,0.0,0.0,0.0,0.0,218.6365747,6.38,B,125833,False,False,False,False,23,6,2011
2011-06-17,9,1,8638.83,False,89.15,3.637,0.0,0.0,0.0,0.0,0.0,218.5877333,6.38,B,125833,False,False,False,False,24,6,2011
2011-06-17,9,2,26369.13,False,89.15,3.637,0.0,0.0,0.0,0.0,0.0,218.5877333,6.38,B,125833,False,False,False,False,24,6,2011
2011-06-17,9,3,4338.45,False,89.15,3.637,0.0,0.0,0.0,0.0,0.0,218.5877333,6.38,B,125833,False,False,False,False,24,6,2011
2011-06-17,9,4,16552.11,False,89.15,3.637,0.0,0.0,0.0,0.0,0.0,218.5877333,6.38,B,125833,False,False,False,False,24,6,2011
2011-06-17,9,5,18441.03,False,89.15,3.637,0.0,0.0,0.0,0.0,0.0,218.5877333,6.38,B,125833,False,False,False,False,24,6,2011
2011-06-17,9,6,2022.33,False,89.15,3.637,0.0,0.0,0.0,0.0,0.0,218.5877333,6.38,B,125833,False,False,False,False,24,6,2011
2011-06-17,9,7,17049.23,False,89.15,3.637,0.0,0.0,0.0,0.0,0.0,218.5877333,6.38,B,125833,False,False,False,False,24,6,2011
2011-06-17,9,8,20285.08,False,89.15,3.637,0.0,0.0,0.0,0.0,0.0,218.5877333,6.38,B,125833,False,False,False,False,24,6,2011
2011-06-17,9,9,13721.45,False,89.15,3.637,0.0,0.0,0.0,0.0,0.0,218.5877333,6.38,B,125833,False,False,False,False,24,6,2011
2011-06-24,9,1,8651.38,False,86.74,3.594,0.0,0.0,0.0,0.0,0.0,218.6836874,6.38,B,125833,False,False,False,False,25,6,2011
2011-06-24,9,2,24719.64,False,86.74,3.594,0.0,0.0,0.0,0.0,0.0,218.6836874,6.38,B,125833,False,False,False,False,25,6,2011
2011-06-24,9,3,4422.98,False,86.74,3.594,0.0,0.0,0.0,0.0,0.0,218.6836874,6.38,B,125833,False,False,False,False,25,6,2011
2011-06-24,9,4,15879.8,False,86.74,3.594,0.0,0.0,0.0,0.0,0.0,218.6836874,6.38,B,125833,False,False,False,False,25,6,2011
2011-06-24,9,5,14952.5,False,86.74,3.594,0.0,0.0,0.0,0.0,0.0,218.6836874,6.38,B,125833,False,False,False,False,25,6,2011
2011-06-24,9,6,1716.28,False,86.74,3.594,0.0,0.0,0.0,0.0,0.0,218.6836874,6.38,B,125833,False,False,False,False,25,6,2011
2011-06-24,9,7,15243.91,False,86.74,3.594,0.0,0.0,0.0,0.0,0.0,218.6836874,6.38,B,125833,False,False,False,False,25,6,2011
2011-06-24,9,8,20974.81,False,86.74,3.594,0.0,0.0,0.0,0.0,0.0,218.6836874,6.38,B,125833,False,False,False,False,25,6,2011
2011-06-24,9,9,12404.71,False,86.74,3.594,0.0,0.0,0.0,0.0,0.0,218.6836874,6.38,B,125833,False,False,False,False,25,6,2011
2011-07-01,9,1,9817.12,False,89.14,3.524,0.0,0.0,0.0,0.0,0.0,218.7796415,6.404,B,125833,False,False,False,False,26,7,2011
2011-07-01,9,2,25196.53,False,89.14,3.524,0.0,0.0,0.0,0.0,0.0,218.7796415,6.404,B,125833,False,False,False,False,26,7,2011
2011-07-01,9,3,5099.84,False,89.14,3.524,0.0,0.0,0.0,0.0,0.0,218.7796415,6.404,B,125833,False,False,False,False,26,7,2011
2011-07-01,9,4,16721.84,False,89.14,3.524,0.0,0.0,0.0,0.0,0.0,218.7796415,6.404,B,125833,False,False,False,False,26,7,2011
2011-07-01,9,5,14638.5,False,89.14,3.524,0.0,0.0,0.0,0.0,0.0,218.7796415,6.404,B,125833,False,False,False,False,26,7,2011
2011-07-01,9,6,2465.86,False,89.14,3.524,0.0,0.0,0.0,0.0,0.0,218.7796415,6.404,B,125833,False,False,False,False,26,7,2011
2011-07-01,9,7,15839.95,False,89.14,3.524,0.0,0.0,0.0,0.0,0.0,218.7796415,6.404,B,125833,False,False,False,False,26,7,2011
2011-07-01,9,8,22419.85,False,89.14,3.524,0.0,0.0,0.0,0.0,0.0,218.7796415,6.404,B,125833,False,False,False,False,26,7,2011
2011-07-01,9,9,11492.83,False,89.14,3.524,0.0,0.0,0.0,0.0,0.0,218.7796415,6.404,B,125833,False,False,False,False,26,7,2011
2011-07-08,9,1,10512.14,False,89.04,3.48,0.0,0.0,0.0,0.0,0.0,218.8755955,6.404,B,125833,False,False,False,False,27,7,2011
2011-07-08,9,2,25400.92,False,89.04,3.48,0.0,0.0,0.0,0.0,0.0,218.8755955,6.404,B,125833,False,False,False,False,27,7,2011
2011-07-08,9,3,4312.88,False,89.04,3.48,0.0,0.0,0.0,0.0,0.0,218.8755955,6.404,B,125833,False,False,False,False,27,7,2011
2011-07-08,9,4,18033.03,False,89.04,3.48,0.0,0.0,0.0,0.0,0.0,218.8755955,6.404,B,125833,False,False,False,False,27,7,2011
2011-07-08,9,5,14435.99,False,89.04,3.48,0.0,0.0,0.0,0.0,0.0,218.8755955,6.404,B,125833,False,False,False,False,27,7,2011
2011-07-08,9,6,2064.4,False,89.04,3.48,0.0,0.0,0.0,0.0,0.0,218.8755955,6.404,B,125833,False,False,False,False,27,7,2011
2011-07-08,9,7,12498.99,False,89.04,3.48,0.0,0.0,0.0,0.0,0.0,218.8755955,6.404,B,125833,False,False,False,False,27,7,2011
2011-07-08,9,8,22843.5,False,89.04,3.48,0.0,0.0,0.0,0.0,0.0,218.8755955,6.404,B,125833,False,False,False,False,27,7,2011
2011-07-08,9,9,14505.28,False,89.04,3.48,0.0,0.0,0.0,0.0,0.0,218.8755955,6.404,B,125833,False,False,False,False,27,7,2011
2011-07-15,9,1,8752.42,False,90.45,3.575,0.0,0.0,0.0,0.0,0.0,218.9607242,6.404,B,125833,False,False,False,False,28,7,2011
2011-07-15,9,2,25641.4,False,90.45,3.575,0.0,0.0,0.0,0.0,0.0,218.9607242,6.404,B,125833,False,False,False,False,28,7,2011
2011-07-15,9,3,6417.6,False,90.45,3.575,0.0,0.0,0.0,0.0,0.0,218.9607242,6.404,B,125833,False,False,False,False,28,7,2011
2011-07-15,9,4,15724.44,False,90.45,3.575,0.0,0.0,0.0,0.0,0.0,218.9607242,6.404,B,125833,False,False,False,False,28,7,2011
2011-07-15,9,5,16269.89,False,90.45,3.575,0.0,0.0,0.0,0.0,0.0,218.9607242,6.404,B,125833,False,False,False,False,28,7,2011
2011-07-15,9,6,2368.25,False,90.45,3.575,0.0,0.0,0.0,0.0,0.0,218.9607242,6.404,B,125833,False,False,False,False,28,7,2011
2011-07-15,9,7,13018.76,False,90.45,3.575,0.0,0.0,0.0,0.0,0.0,218.9607242,6.404,B,125833,False,False,False,False,28,7,2011
2011-07-15,9,8,20070.58,False,90.45,3.575,0.0,0.0,0.0,0.0,0.0,218.9607242,6.404,B,125833,False,False,False,False,28,7,2011
2011-07-15,9,9,9645.88,False,90.45,3.575,0.0,0.0,0.0,0.0,0.0,218.9607242,6.404,B,125833,False,False,False,False,28,7,2011
2011-07-22,9,1,8517.46,False,89.08,3.651,0.0,0.0,0.0,0.0,0.0,219.0187895,6.404,B,125833,False,False,False,False,29,7,2011
2011-07-22,9,2,24923.47,False,89.08,3.651,0.0,0.0,0.0,0.0,0.0,219.0187895,6.404,B,125833,False,False,False,False,29,7,2011
2011-07-22,9,3,7082.71,False,89.08,3.651,0.0,0.0,0.0,0.0,0.0,219.0187895,6.404,B,125833,False,False,False,False,29,7,2011
2011-07-22,9,4,15343.62,False,89.08,3.651,0.0,0.0,0.0,0.0,0.0,219.0187895,6.404,B,125833,False,False,False,False,29,7,2011
2011-07-22,9,5,14380.16,False,89.08,3.651,0.0,0.0,0.0,0.0,0.0,219.0187895,6.404,B,125833,False,False,False,False,29,7,2011
2011-07-22,9,6,2314.38,False,89.08,3.651,0.0,0.0,0.0,0.0,0.0,219.0187895,6.404,B,125833,False,False,False,False,29,7,2011
2011-07-22,9,7,11329.69,False,89.08,3.651,0.0,0.0,0.0,0.0,0.0,219.0187895,6.404,B,125833,False,False,False,False,29,7,2011
2011-07-22,9,8,20118.68,False,89.08,3.651,0.0,0.0,0.0,0.0,0.0,219.0187895,6.404,B,125833,False,False,False,False,29,7,2011
2011-07-22,9,9,10513.04,False,89.08,3.651,0.0,0.0,0.0,0.0,0.0,219.0187895,6.404,B,125833,False,False,False,False,29,7,2011
2011-07-29,9,1,8411.83,False,91.1,3.682,0.0,0.0,0.0,0.0,0.0,219.0768548,6.404,B,125833,False,False,False,False,30,7,2011
2011-07-29,9,2,23230.67,False,91.1,3.682,0.0,0.0,0.0,0.0,0.0,219.0768548,6.404,B,125833,False,False,False,False,30,7,2011
2011-07-29,9,3,9906.42,False,91.1,3.682,0.0,0.0,0.0,0.0,0.0,219.0768548,6.404,B,125833,False,False,False,False,30,7,2011
2011-07-29,9,4,15231.86,False,91.1,3.682,0.0,0.0,0.0,0.0,0.0,219.0768548,6.404,B,125833,False,False,False,False,30,7,2011
2011-07-29,9,5,12014.53,False,91.1,3.682,0.0,0.0,0.0,0.0,0.0,219.0768548,6.404,B,125833,False,False,False,False,30,7,2011
2011-07-29,9,6,2651.56,False,91.1,3.682,0.0,0.0,0.0,0.0,0.0,219.0768548,6.404,B,125833,False,False,False,False,30,7,2011
2011-07-29,9,7,9714.7,False,91.1,3.682,0.0,0.0,0.0,0.0,0.0,219.0768548,6.404,B,125833,False,False,False,False,30,7,2011
2011-07-29,9,8,18936.06,False,91.1,3.682,0.0,0.0,0.0,0.0,0.0,219.0768548,6.404,B,125833,False,False,False,False,30,7,2011
2011-07-29,9,9,8837.89,False,91.1,3.682,0.0,0.0,0.0,0.0,0.0,219.0768548,6.404,B,125833,False,False,False,False,30,7,2011
2011-08-05,9,1,9174.31,False,91.52,3.684,0.0,0.0,0.0,0.0,0.0,219.1349201,6.404,B,125833,False,False,False,False,31,8,2011
2011-08-05,9,2,27560.78,False,91.52,3.684,0.0,0.0,0.0,0.0,0.0,219.1349201,6.404,B,125833,False,False,False,False,31,8,2011
2011-08-05,9,3,14256.69,False,91.52,3.684,0.0,0.0,0.0,0.0,0.0,219.1349201,6.404,B,125833,False,False,False,False,31,8,2011
2011-08-05,9,4,18983.27,False,91.52,3.684,0.0,0.0,0.0,0.0,0.0,219.1349201,6.404,B,125833,False,False,False,False,31,8,2011
2011-08-05,9,5,16765.94,False,91.52,3.684,0.0,0.0,0.0,0.0,0.0,219.1349201,6.404,B,125833,False,False,False,False,31,8,2011
2011-08-05,9,6,1707.61,False,91.52,3.684,0.0,0.0,0.0,0.0,0.0,219.1349201,6.404,B,125833,False,False,False,False,31,8,2011
2011-08-05,9,7,10057.43,False,91.52,3.684,0.0,0.0,0.0,0.0,0.0,219.1349201,6.404,B,125833,False,False,False,False,31,8,2011
2011-08-05,9,8,21334.91,False,91.52,3.684,0.0,0.0,0.0,0.0,0.0,219.1349201,6.404,B,125833,False,False,False,False,31,8,2011
2011-08-05,9,9,10901.71,False,91.52,3.684,0.0,0.0,0.0,0.0,0.0,219.1349201,6.404,B,125833,False,False,False,False,31,8,2011
2011-08-12,9,1,7789.72,False,91.63,3.638,0.0,0.0,0.0,0.0,0.0,219.1929854,6.404,B,125833,False,False,False,False,32,8,2011
2011-08-12,9,2,24967.66,False,91.63,3.638,0.0,0.0,0.0,0.0,0.0,219.1929854,6.404,B,125833,False,False,False,False,32,8,2011
2011-08-12,9,3,21799.66,False,91.63,3.638,0.0,0.0,0.0,0.0,0.0,219.1929854,6.404,B,125833,False,False,False,False,32,8,2011
2011-08-12,9,4,16616.66,False,91.63,3.638,0.0,0.0,0.0,0.0,0.0,219.1929854,6.404,B,125833,False,False,False,False,32,8,2011
2011-08-12,9,5,15645.56,False,91.63,3.638,0.0,0.0,0.0,0.0,0.0,219.1929854,6.404,B,125833,False,False,False,False,32,8,2011
2011-08-12,9,6,1774.22,False,91.63,3.638,0.0,0.0,0.0,0.0,0.0,219.1929854,6.404,B,125833,False,False,False,False,32,8,2011
2011-08-12,9,7,9033.13,False,91.63,3.638,0.0,0.0,0.0,0.0,0.0,219.1929854,6.404,B,125833,False,False,False,False,32,8,2011
2011-08-12,9,8,18785.54,False,91.63,3.638,0.0,0.0,0.0,0.0,0.0,219.1929854,6.404,B,125833,False,False,False,False,32,8,2011
2011-08-12,9,9,8780.66,False,91.63,3.638,0.0,0.0,0.0,0.0,0.0,219.1929854,6.404,B,125833,False,False,False,False,32,8,2011
2011-08-19,9,1,8778.39,False,85.8,3.554,0.0,0.0,0.0,0.0,0.0,219.2556109,6.404,B,125833,False,False,False,False,33,8,2011
2011-08-19,9,2,26494.18,False,85.8,3.554,0.0,0.0,0.0,0.0,0.0,219.2556109,6.404,B,125833,False,False,False,False,33,8,2011
2011-08-19,9,3,22053.0,False,85.8,3.554,0.0,0.0,0.0,0.0,0.0,219.2556109,6.404,B,125833,False,False,False,False,33,8,2011
2011-08-19,9,4,19415.34,False,85.8,3.554,0.0,0.0,0.0,0.0,0.0,219.2556109,6.404,B,125833,False,False,False,False,33,8,2011
2011-08-19,9,5,14444.46,False,85.8,3.554,0.0,0.0,0.0,0.0,0.0,219.2556109,6.404,B,125833,False,False,False,False,33,8,2011
2011-08-19,9,6,1480.83,False,85.8,3.554,0.0,0.0,0.0,0.0,0.0,219.2556109,6.404,B,125833,False,False,False,False,33,8,2011
2011-08-19,9,7,9572.01,False,85.8,3.554,0.0,0.0,0.0,0.0,0.0,219.2556109,6.404,B,125833,False,False,False,False,33,8,2011
2011-08-19,9,8,19131.46,False,85.8,3.554,0.0,0.0,0.0,0.0,0.0,219.2556109,6.404,B,125833,False,False,False,False,33,8,2011
2011-08-19,9,9,13571.31,False,85.8,3.554,0.0,0.0,0.0,0.0,0.0,219.2556109,6.404,B,125833,False,False,False,False,33,8,2011
2011-08-26,9,1,9292.32,False,88.95,3.523,0.0,0.0,0.0,0.0,0.0,219.3189965,6.404,B,125833,False,False,False,False,34,8,2011
2011-08-26,9,2,26762.48,False,88.95,3.523,0.0,0.0,0.0,0.0,0.0,219.3189965,6.404,B,125833,False,False,False,False,34,8,2011
2011-08-26,9,3,36042.32,False,88.95,3.523,0.0,0.0,0.0,0.0,0.0,219.3189965,6.404,B,125833,False,False,False,False,34,8,2011
2011-08-26,9,4,17856.62,False,88.95,3.523,0.0,0.0,0.0,0.0,0.0,219.3189965,6.404,B,125833,False,False,False,False,34,8,2011
2011-08-26,9,5,12349.89,False,88.95,3.523,0.0,0.0,0.0,0.0,0.0,219.3189965,6.404,B,125833,False,False,False,False,34,8,2011
2011-08-26,9,6,1991.2,False,88.95,3.523,0.0,0.0,0.0,0.0,0.0,219.3189965,6.404,B,125833,False,False,False,False,34,8,2011
2011-08-26,9,7,8572.45,False,88.95,3.523,0.0,0.0,0.0,0.0,0.0,219.3189965,6.404,B,125833,False,False,False,False,34,8,2011
2011-08-26,9,8,18971.55,False,88.95,3.523,0.0,0.0,0.0,0.0,0.0,219.3189965,6.404,B,125833,False,False,False,False,34,8,2011
2011-08-26,9,9,13226.83,False,88.95,3.523,0.0,0.0,0.0,0.0,0.0,219.3189965,6.404,B,125833,False,False,False,False,34,8,2011
2011-09-02,9,1,8735.99,False,89.33,3.533,0.0,0.0,0.0,0.0,0.0,219.382382,6.404,B,125833,False,False,False,False,35,9,2011
2011-09-02,9,2,28801.57,False,89.33,3.533,0.0,0.0,0.0,0.0,0.0,219.382382,6.404,B,125833,False,False,False,False,35,9,2011
2011-09-02,9,3,12374.29,False,89.33,3.533,0.0,0.0,0.0,0.0,0.0,219.382382,6.404,B,125833,False,False,False,False,35,9,2011
2011-09-02,9,4,18800.92,False,89.33,3.533,0.0,0.0,0.0,0.0,0.0,219.382382,6.404,B,125833,False,False,False,False,35,9,2011
2011-09-02,9,5,15625.71,False,89.33,3.533,0.0,0.0,0.0,0.0,0.0,219.382382,6.404,B,125833,False,False,False,False,35,9,2011
2011-09-02,9,6,2029.55,False,89.33,3.533,0.0,0.0,0.0,0.0,0.0,219.382382,6.404,B,125833,False,False,False,False,35,9,2011
2011-09-02,9,7,10409.94,False,89.33,3.533,0.0,0.0,0.0,0.0,0.0,219.382382,6.404,B,125833,False,False,False,False,35,9,2011
2011-09-02,9,8,21454.9,False,89.33,3.533,0.0,0.0,0.0,0.0,0.0,219.382382,6.404,B,125833,False,False,False,False,35,9,2011
2011-09-02,9,9,22842.91,False,89.33,3.533,0.0,0.0,0.0,0.0,0.0,219.382382,6.404,B,125833,False,False,False,False,35,9,2011
2011-09-09,9,1,10245.86,True,75.65,3.546,0.0,0.0,0.0,0.0,0.0,219.4457675,6.404,B,125833,False,True,False,False,36,9,2011
2011-09-09,9,2,24148.55,True,75.65,3.546,0.0,0.0,0.0,0.0,0.0,219.4457675,6.404,B,125833,False,True,False,False,36,9,2011
2011-09-09,9,3,6780.83,True,75.65,3.546,0.0,0.0,0.0,0.0,0.0,219.4457675,6.404,B,125833,False,True,False,False,36,9,2011
2011-09-09,9,4,16883.51,True,75.65,3.546,0.0,0.0,0.0,0.0,0.0,219.4457675,6.404,B,125833,False,True,False,False,36,9,2011
2011-09-09,9,5,14232.61,True,75.65,3.546,0.0,0.0,0.0,0.0,0.0,219.4457675,6.404,B,125833,False,True,False,False,36,9,2011
2011-09-09,9,6,2564.65,True,75.65,3.546,0.0,0.0,0.0,0.0,0.0,219.4457675,6.404,B,125833,False,True,False,False,36,9,2011
2011-09-09,9,7,10107.97,True,75.65,3.546,0.0,0.0,0.0,0.0,0.0,219.4457675,6.404,B,125833,False,True,False,False,36,9,2011
2011-09-09,9,8,20120.04,True,75.65,3.546,0.0,0.0,0.0,0.0,0.0,219.4457675,6.404,B,125833,False,True,False,False,36,9,2011
2011-09-09,9,9,24087.38,True,75.65,3.546,0.0,0.0,0.0,0.0,0.0,219.4457675,6.404,B,125833,False,True,False,False,36,9,2011
2011-09-16,9,1,11039.94,False,77.95,3.526,0.0,0.0,0.0,0.0,0.0,219.6297841,6.404,B,125833,False,False,False,False,37,9,2011
2011-09-16,9,2,25309.64,False,77.95,3.526,0.0,0.0,0.0,0.0,0.0,219.6297841,6.404,B,125833,False,False,False,False,37,9,2011
2011-09-16,9,3,6708.67,False,77.95,3.526,0.0,0.0,0.0,0.0,0.0,219.6297841,6.404,B,125833,False,False,False,False,37,9,2011
2011-09-16,9,4,16616.45,False,77.95,3.526,0.0,0.0,0.0,0.0,0.0,219.6297841,6.404,B,125833,False,False,False,False,37,9,2011
2011-09-16,9,5,15086.81,False,77.95,3.526,0.0,0.0,0.0,0.0,0.0,219.6297841,6.404,B,125833,False,False,False,False,37,9,2011
2011-09-16,9,6,1070.68,False,77.95,3.526,0.0,0.0,0.0,0.0,0.0,219.6297841,6.404,B,125833,False,False,False,False,37,9,2011
2011-09-16,9,7,9579.92,False,77.95,3.526,0.0,0.0,0.0,0.0,0.0,219.6297841,6.404,B,125833,False,False,False,False,37,9,2011
2011-09-16,9,8,21538.2,False,77.95,3.526,0.0,0.0,0.0,0.0,0.0,219.6297841,6.404,B,125833,False,False,False,False,37,9,2011
2011-09-16,9,9,14366.37,False,77.95,3.526,0.0,0.0,0.0,0.0,0.0,219.6297841,6.404,B,125833,False,False,False,False,37,9,2011
2011-09-23,9,1,10428.39,False,74.42,3.467,0.0,0.0,0.0,0.0,0.0,219.9746423,6.404,B,125833,False,False,False,False,38,9,2011
2011-09-23,9,2,24246.91,False,74.42,3.467,0.0,0.0,0.0,0.0,0.0,219.9746423,6.404,B,125833,False,False,False,False,38,9,2011
2011-09-23,9,3,5746.51,False,74.42,3.467,0.0,0.0,0.0,0.0,0.0,219.9746423,6.404,B,125833,False,False,False,False,38,9,2011
2011-09-23,9,4,16209.65,False,74.42,3.467,0.0,0.0,0.0,0.0,0.0,219.9746423,6.404,B,125833,False,False,False,False,38,9,2011
2011-09-23,9,5,17571.24,False,74.42,3.467,0.0,0.0,0.0,0.0,0.0,219.9746423,6.404,B,125833,False,False,False,False,38,9,2011
2011-09-23,9,6,1528.5,False,74.42,3.467,0.0,0.0,0.0,0.0,0.0,219.9746423,6.404,B,125833,False,False,False,False,38,9,2011
2011-09-23,9,7,9573.71,False,74.42,3.467,0.0,0.0,0.0,0.0,0.0,219.9746423,6.404,B,125833,False,False,False,False,38,9,2011
2011-09-23,9,8,20264.66,False,74.42,3.467,0.0,0.0,0.0,0.0,0.0,219.9746423,6.404,B,125833,False,False,False,False,38,9,2011
2011-09-23,9,9,12050.62,False,74.42,3.467,0.0,0.0,0.0,0.0,0.0,219.9746423,6.404,B,125833,False,False,False,False,38,9,2011
2011-09-30,9,1,10856.02,False,78.45,3.355,0.0,0.0,0.0,0.0,0.0,220.3195004,6.404,B,125833,False,False,False,False,39,9,2011
2011-09-30,9,2,24709.94,False,78.45,3.355,0.0,0.0,0.0,0.0,0.0,220.3195004,6.404,B,125833,False,False,False,False,39,9,2011
2011-09-30,9,3,5242.64,False,78.45,3.355,0.0,0.0,0.0,0.0,0.0,220.3195004,6.404,B,125833,False,False,False,False,39,9,2011
2011-09-30,9,4,16846.25,False,78.45,3.355,0.0,0.0,0.0,0.0,0.0,220.3195004,6.404,B,125833,False,False,False,False,39,9,2011
2011-09-30,9,5,17327.54,False,78.45,3.355,0.0,0.0,0.0,0.0,0.0,220.3195004,6.404,B,125833,False,False,False,False,39,9,2011
2011-09-30,9,6,2215.51,False,78.45,3.355,0.0,0.0,0.0,0.0,0.0,220.3195004,6.404,B,125833,False,False,False,False,39,9,2011
2011-09-30,9,7,10645.18,False,78.45,3.355,0.0,0.0,0.0,0.0,0.0,220.3195004,6.404,B,125833,False,False,False,False,39,9,2011
2011-09-30,9,8,21260.73,False,78.45,3.355,0.0,0.0,0.0,0.0,0.0,220.3195004,6.404,B,125833,False,False,False,False,39,9,2011
2011-09-30,9,9,12578.37,False,78.45,3.355,0.0,0.0,0.0,0.0,0.0,220.3195004,6.404,B,125833,False,False,False,False,39,9,2011
2011-10-07,9,1,11670.67,False,72.62,3.285,0.0,0.0,0.0,0.0,0.0,220.6643585,6.054,B,125833,False,False,False,False,40,10,2011
2011-10-07,9,2,26052.9,False,72.62,3.285,0.0,0.0,0.0,0.0,0.0,220.6643585,6.054,B,125833,False,False,False,False,40,10,2011
2011-10-07,9,3,6617.11,False,72.62,3.285,0.0,0.0,0.0,0.0,0.0,220.6643585,6.054,B,125833,False,False,False,False,40,10,2011
2011-10-07,9,4,18482.89,False,72.62,3.285,0.0,0.0,0.0,0.0,0.0,220.6643585,6.054,B,125833,False,False,False,False,40,10,2011
2011-10-07,9,5,24024.84,False,72.62,3.285,0.0,0.0,0.0,0.0,0.0,220.6643585,6.054,B,125833,False,False,False,False,40,10,2011
2011-10-07,9,6,3163.12,False,72.62,3.285,0.0,0.0,0.0,0.0,0.0,220.6643585,6.054,B,125833,False,False,False,False,40,10,2011
2011-10-07,9,7,10112.46,False,72.62,3.285,0.0,0.0,0.0,0.0,0.0,220.6643585,6.054,B,125833,False,False,False,False,40,10,2011
2011-10-07,9,8,21750.63,False,72.62,3.285,0.0,0.0,0.0,0.0,0.0,220.6643585,6.054,B,125833,False,False,False,False,40,10,2011
2011-10-07,9,9,12801.8,False,72.62,3.285,0.0,0.0,0.0,0.0,0.0,220.6643585,6.054,B,125833,False,False,False,False,40,10,2011
2011-10-14,9,1,12539.39,False,67.27,3.274,0.0,0.0,0.0,0.0,0.0,220.9836849,6.054,B,125833,False,False,False,False,41,10,2011
2011-10-14,9,2,25058.51,False,67.27,3.274,0.0,0.0,0.0,0.0,0.0,220.9836849,6.054,B,125833,False,False,False,False,41,10,2011
2011-10-14,9,3,6232.84,False,67.27,3.274,0.0,0.0,0.0,0.0,0.0,220.9836849,6.054,B,125833,False,False,False,False,41,10,2011
2011-10-14,9,4,16390.11,False,67.27,3.274,0.0,0.0,0.0,0.0,0.0,220.9836849,6.054,B,125833,False,False,False,False,41,10,2011
2011-10-14,9,5,20843.5,False,67.27,3.274,0.0,0.0,0.0,0.0,0.0,220.9836849,6.054,B,125833,False,False,False,False,41,10,2011
2011-10-14,9,6,2030.88,False,67.27,3.274,0.0,0.0,0.0,0.0,0.0,220.9836849,6.054,B,125833,False,False,False,False,41,10,2011
2011-10-14,9,7,9456.66,False,67.27,3.274,0.0,0.0,0.0,0.0,0.0,220.9836849,6.054,B,125833,False,False,False,False,41,10,2011
2011-10-14,9,8,20467.37,False,67.27,3.274,0.0,0.0,0.0,0.0,0.0,220.9836849,6.054,B,125833,False,False,False,False,41,10,2011
2011-10-14,9,9,11708.71,False,67.27,3.274,0.0,0.0,0.0,0.0,0.0,220.9836849,6.054,B,125833,False,False,False,False,41,10,2011
2011-10-21,9,1,13183.58,False,65.46,3.353,0.0,0.0,0.0,0.0,0.0,221.1498206,6.054,B,125833,False,False,False,False,42,10,2011
2011-10-21,9,2,24311.07,False,65.46,3.353,0.0,0.0,0.0,0.0,0.0,221.1498206,6.054,B,125833,False,False,False,False,42,10,2011
2011-10-21,9,3,5769.54,False,65.46,3.353,0.0,0.0,0.0,0.0,0.0,221.1498206,6.054,B,125833,False,False,False,False,42,10,2011
2011-10-21,9,4,17172.96,False,65.46,3.353,0.0,0.0,0.0,0.0,0.0,221.1498206,6.054,B,125833,False,False,False,False,42,10,2011
2011-10-21,9,5,21459.03,False,65.46,3.353,0.0,0.0,0.0,0.0,0.0,221.1498206,6.054,B,125833,False,False,False,False,42,10,2011
2011-10-21,9,6,3275.96,False,65.46,3.353,0.0,0.0,0.0,0.0,0.0,221.1498206,6.054,B,125833,False,False,False,False,42,10,2011
2011-10-21,9,7,12082.09,False,65.46,3.353,0.0,0.0,0.0,0.0,0.0,221.1498206,6.054,B,125833,False,False,False,False,42,10,2011
2011-10-21,9,8,20613.14,False,65.46,3.353,0.0,0.0,0.0,0.0,0.0,221.1498206,6.054,B,125833,False,False,False,False,42,10,2011
2011-10-21,9,9,10956.27,False,65.46,3.353,0.0,0.0,0.0,0.0,0.0,221.1498206,6.054,B,125833,False,False,False,False,42,10,2011
2011-10-28,9,1,17950.88,False,63.96,3.372,0.0,0.0,0.0,0.0,0.0,221.3159563,6.054,B,125833,False,False,False,False,43,10,2011
2011-10-28,9,2,23126.9,False,63.96,3.372,0.0,0.0,0.0,0.0,0.0,221.3159563,6.054,B,125833,False,False,False,False,43,10,2011
2011-10-28,9,3,5226.97,False,63.96,3.372,0.0,0.0,0.0,0.0,0.0,221.3159563,6.054,B,125833,False,False,False,False,43,10,2011
2011-10-28,9,4,16728.61,False,63.96,3.372,0.0,0.0,0.0,0.0,0.0,221.3159563,6.054,B,125833,False,False,False,False,43,10,2011
2011-10-28,9,5,19613.19,False,63.96,3.372,0.0,0.0,0.0,0.0,0.0,221.3159563,6.054,B,125833,False,False,False,False,43,10,2011
2011-10-28,9,6,3070.6,False,63.96,3.372,0.0,0.0,0.0,0.0,0.0,221.3159563,6.054,B,125833,False,False,False,False,43,10,2011
2011-10-28,9,7,14150.46,False,63.96,3.372,0.0,0.0,0.0,0.0,0.0,221.3159563,6.054,B,125833,False,False,False,False,43,10,2011
2011-10-28,9,8,20756.4,False,63.96,3.372,0.0,0.0,0.0,0.0,0.0,221.3159563,6.054,B,125833,False,False,False,False,43,10,2011
