Date,Store,Dept,Weekly_Sales,IsHoliday,Temperature,Fuel_Price,MarkDown1,MarkDown2,MarkDown3,MarkDown4,MarkDown5,CPI,Unemployment,Type,Size,Super_Bowl,Labor_Day,Thanksgiving,Christmas,week,month,year
2010-02-05,18,1,22252.71,False,21.33,2.788,0.0,0.0,0.0,0.0,0.0,131.5279032,9.202,B,120653,False,False,False,False,5,2,2010
2010-02-05,18,2,67807.23,False,21.33,2.788,0.0,0.0,0.0,0.0,0.0,131.5279032,9.202,B,120653,False,False,False,False,5,2,2010
2010-02-05,18,3,16150.95,False,21.33,2.788,0.0,0.0,0.0,0.0,0.0,131.5279032,9.202,B,120653,False,False,False,False,5,2,2010
2010-02-05,18,4,29263.04,False,21.33,2.788,0.0,0.0,0.0,0.0,0.0,131.5279032,9.202,B,120653,False,False,False,False,5,2,2010
2010-02-05,18,5,34116.49,False,21.33,2.788,0.0,0.0,0.0,0.0,0.0,131.5279032,9.202,B,120653,False,False,False,False,5,2,2010
2010-02-05,18,6,5883.54,False,21.33,2.788,0.0,0.0,0.0,0.0,0.0,131.5279032,9.202,B,120653,False,False,False,False,5,2,2010
2010-02-05,18,7,21081.22,False,21.33,2.788,0.0,0.0,0.0,0.0,0.0,131.5279032,9.202,B,120653,False,False,False,False,5,2,2010
2010-02-05,18,8,38834.28,False,21.33,2.788,0.0,0.0,0.0,0.0,0.0,131.5279032,9.202,B,120653,False,False,False,False,5,2,2010
2010-02-05,18,9,15605.14,False,21.33,2.788,0.0,0.0,0.0,0.0,0.0,131.5279032,9.202,B,120653,False,False,False,False,5,2,2010
2010-02-12,18,1,38184.43,True,26.41,2.771,0.0,0.0,0.0,0.0,0.0,131.5866129,9.202,B,120653,True,False,False,False,6,2,2010
2010-02-12,18,2,68001.02,True,26.41,2.771,0.0,0.0,0.0,0.0,0.0,131.5866129,9.202,B,120653,True,False,False,False,6,2,2010
2010-02-12,18,3,14339.76,True,26.41,2.771,0.0,0.0,0.0,0.0,0.0,131.5866129,9.202,B,120653,True,False,False,False,6,2,2010
2010-02-12,18,4,27840.42,True,26.41,2.771,0.0,0.0,0.0,0.0,0.0,131.5866129,9.202,B,120653,True,False,False,False,6,2,2010
2010-02-12,18,5,30452.17,True,26.41,2.771,0.0,0.0,0.0,0.0,0.0,131.5866129,9.202,B,120653,True,False,False,False,6,2,2010
2010-02-12,18,6,6760.67,True,26.41,2.771,0.0,0.0,0.0,0.0,0.0,131.5866129,9.202,B,120653,True,False,False,False,6,2,2010
2010-02-12,18,7,23489.46,True,26.41,2.771,0.0,0.0,0.0,0.0,0.0,131.5866129,9.202,B,120653,True,False,False,False,6,2,2010
2010-02-12,18,8,36204.78,True,26.41,2.771,0.0,0.0,0.0,0.0,0.0,131.5866129,9.202,B,120653,True,False,False,False,6,2,2010
2010-02-12,18,9,14061.95,True,26.41,2.771,0.0,0.0,0.0,0.0,0.0,131.5866129,9.202,B,120653,True,False,False,False,6,2,2010
2010-02-19,18,1,26068.39,False,30.91,2.747,0.0,0.0,0.0,0.0,0.0,131.637,9.202,B,120653,False,False,False,False,7,2,2010
2010-02-19,18,2,68031.99,False,30.91,2.747,0.0,0.0,0.0,0.0,0.0,131.637,9.202,B,120653,False,False,False,False,7,2,2010
2010-02-19,18,3,12824.25,False,30.91,2.747,0.0,0.0,0.0,0.0,0.0,131.637,9.202,B,120653,False,False,False,False,7,2,2010
2010-02-19,18,4,26191.65,False,30.91,2.747,0.0,0.0,0.0,0.0,0.0,131.637,9.202,B,120653,False,False,False,False,7,2,2010
2010-02-19,18,5,26520.39,False,30.91,2.747,0.0,0.0,0.0,0.0,0.0,131.637,9.202,B,120653,False,False,False,False,7,2,2010
2010-02-19,18,6,7202.56,False,30.91,2.747,0.0,0.0,0.0,0.0,0.0,131.637,9.202,B,120653,False,False,False,False,7,2,2010
2010-02-19,18,7,28461.13,False,30.91,2.747,0.0,0.0,0.0,0.0,0.0,131.637,9.202,B,120653,False,False,False,False,7,2,2010
2010-02-19,18,8,35934.08,False,30.91,2.747,0.0,0.0,0.0,0.0,0.0,131.637,9.202,B,120653,False,False,False,False,7,2,2010
2010-02-19,18,9,11570.91,False,30.91,2.747,0.0,0.0,0.0,0.0,0.0,131.637,9.202,B,120653,False,False,False,False,7,2,2010
2010-02-26,18,1,16951.62,False,35.42,2.753,0.0,0.0,0.0,0.0,0.0,131.686,9.202,B,120653,False,False,False,False,8,2,2010
2010-02-26,18,2,64838.86,False,35.42,2.753,0.0,0.0,0.0,0.0,0.0,131.686,9.202,B,120653,False,False,False,False,8,2,2010
2010-02-26,18,3,14382.83,False,35.42,2.753,0.0,0.0,0.0,0.0,0.0,131.686,9.202,B,120653,False,False,False,False,8,2,2010
2010-02-26,18,4,26124.41,False,35.42,2.753,0.0,0.0,0.0,0.0,0.0,131.686,9.202,B,120653,False,False,False,False,8,2,2010
2010-02-26,18,5,19970.44,False,35.42,2.753,0.0,0.0,0.0,0.0,0.0,131.686,9.202,B,120653,False,False,False,False,8,2,2010
2010-02-26,18,6,6782.27,False,35.42,2.753,0.0,0.0,0.0,0.0,0.0,131.686,9.202,B,120653,False,False,False,False,8,2,2010
2010-02-26,18,7,23222.91,False,35.42,2.753,0.0,0.0,0.0,0.0,0.0,131.686,9.202,B,120653,False,False,False,False,8,2,2010
2010-02-26,18,8,36394.45,False,35.42,2.753,0.0,0.0,0.0,0.0,0.0,131.686,9.202,B,120653,False,False,False,False,8,2,2010
2010-02-26,18,9,13830.17,False,35.42,2.753,0.0,0.0,0.0,0.0,0.0,131.686,9.202,B,120653,False,False,False,False,8,2,2010
2010-03-05,18,1,19966.98,False,37.17,2.766,0.0,0.0,0.0,0.0,0.0,131.735,9.202,B,120653,False,False,False,False,9,3,2010
2010-03-05,18,2,69987.22,False,37.17,2.766,0.0,0.0,0.0,0.0,0.0,131.735,9.202,B,120653,False,False,False,False,9,3,2010
2010-03-05,18,3,13965.88,False,37.17,2.766,0.0,0.0,0.0,0.0,0.0,131.735,9.202,B,120653,False,False,False,False,9,3,2010
2010-03-05,18,4,29278.65,False,37.17,2.766,0.0,0.0,0.0,0.0,0.0,131.735,9.202,B,120653,False,False,False,False,9,3,2010
2010-03-05,18,5,29314.07,False,37.17,2.766,0.0,0.0,0.0,0.0,0.0,131.735,9.202,B,120653,False,False,False,False,9,3,2010
2010-03-05,18,6,5232.58,False,37.17,2.766,0.0,0.0,0.0,0.0,0.0,131.735,9.202,B,120653,False,False,False,False,9,3,2010
2010-03-05,18,7,25270.78,False,37.17,2.766,0.0,0.0,0.0,0.0,0.0,131.735,9.202,B,120653,False,False,False,False,9,3,2010
2010-03-05,18,8,37315.41,False,37.17,2.766,0.0,0.0,0.0,0.0,0.0,131.735,9.202,B,120653,False,False,False,False,9,3,2010
2010-03-05,18,9,16573.07,False,37.17,2.766,0.0,0.0,0.0,0.0,0.0,131.735,9.202,B,120653,False,False,False,False,9,3,2010
2010-03-12,18,1,20363.22,False,42.39,2.805,0.0,0.0,0.0,0.0,0.0,131.784,9.202,B,120653,False,False,False,False,10,3,2010
2010-03-12,18,2,66902.4,False,42.39,2.805,0.0,0.0,0.0,0.0,0.0,131.784,9.202,B,120653,False,False,False,False,10,3,2010
2010-03-12,18,3,13218.8,False,42.39,2.805,0.0,0.0,0.0,0.0,0.0,131.784,9.202,B,120653,False,False,False,False,10,3,2010
2010-03-12,18,4,26308.12,False,42.39,2.805,0.0,0.0,0.0,0.0,0.0,131.784,9.202,B,120653,False,False,False,False,10,3,2010
2010-03-12,18,5,33283.42,False,42.39,2.805,0.0,0.0,0.0,0.0,0.0,131.784,9.202,B,120653,False,False,False,False,10,3,2010
2010-03-12,18,6,6015.76,False,42.39,2.805,0.0,0.0,0.0,0.0,0.0,131.784,9.202,B,120653,False,False,False,False,10,3,2010
2010-03-12,18,7,30068.02,False,42.39,2.805,0.0,0.0,0.0,0.0,0.0,131.784,9.202,B,120653,False,False,False,False,10,3,2010
2010-03-12,18,8,35516.85,False,42.39,2.805,0.0,0.0,0.0,0.0,0.0,131.784,9.202,B,120653,False,False,False,False,10,3,2010
2010-03-12,18,9,16886.17,False,42.39,2.805,0.0,0.0,0.0,0.0,0.0,131.784,9.202,B,120653,False,False,False,False,10,3,2010
2010-03-19,18,1,21332.16,False,45.42,2.834,0.0,0.0,0.0,0.0,0.0,131.8242903,9.202,B,120653,False,False,False,False,11,3,2010
2010-03-19,18,2,67554.49,False,45.42,2.834,0.0,0.0,0.0,0.0,0.0,131.8242903,9.202,B,120653,False,False,False,False,11,3,2010
2010-03-19,18,3,12860.11,False,45.42,2.834,0.0,0.0,0.0,0.0,0.0,131.8242903,9.202,B,120653,False,False,False,False,11,3,2010
2010-03-19,18,4,26507.5,False,45.42,2.834,0.0,0.0,0.0,0.0,0.0,131.8242903,9.202,B,120653,False,False,False,False,11,3,2010
2010-03-19,18,5,35546.25,False,45.42,2.834,0.0,0.0,0.0,0.0,0.0,131.8242903,9.202,B,120653,False,False,False,False,11,3,2010
2010-03-19,18,6,4236.99,False,45.42,2.834,0.0,0.0,0.0,0.0,0.0,131.8242903,9.202,B,120653,False,False,False,False,11,3,2010
2010-03-19,18,7,31624.49,False,45.42,2.834,0.0,0.0,0.0,0.0,0.0,131.8242903,9.202,B,120653,False,False,False,False,11,3,2010
2010-03-19,18,8,36084.67,False,45.42,2.834,0.0,0.0,0.0,0.0,0.0,131.8242903,9.202,B,120653,False,False,False,False,11,3,2010
2010-03-19,18,9,17379.35,False,45.42,2.834,0.0,0.0,0.0,0.0,0.0,131.8242903,9.202,B,120653,False,False,False,False,11,3,2010
2010-03-26,18,1,29407.82,False,47.55,2.831,0.0,0.0,0.0,0.0,0.0,131.863129,9.202,B,120653,False,False,False,False,12,3,2010
2010-03-26,18,2,65680.5,False,47.55,2.831,0.0,0.0,0.0,0.0,0.0,131.863129,9.202,B,120653,False,False,False,False,12,3,2010
2010-03-26,18,3,11318.01,False,47.55,2.831,0.0,0.0,0.0,0.0,0.0,131.863129,9.202,B,120653,False,False,False,False,12,3,2010
2010-03-26,18,4,24878.67,False,47.55,2.831,0.0,0.0,0.0,0.0,0.0,131.863129,9.202,B,120653,False,False,False,False,12,3,2010
2010-03-26,18,5,41958.34,False,47.55,2.831,0.0,0.0,0.0,0.0,0.0,131.863129,9.202,B,120653,False,False,False,False,12,3,2010
2010-03-26,18,6,5730.38,False,47.55,2.831,0.0,0.0,0.0,0.0,0.0,131.863129,9.202,B,120653,False,False,False,False,12,3,2010
2010-03-26,18,7,36177.38,False,47.55,2.831,0.0,0.0,0.0,0.0,0.0,131.863129,9.202,B,120653,False,False,False,False,12,3,2010
2010-03-26,18,8,33843.13,False,47.55,2.831,0.0,0.0,0.0,0.0,0.0,131.863129,9.202,B,120653,False,False,False,False,12,3,2010
2010-03-26,18,9,19343.56,False,47.55,2.831,0.0,0.0,0.0,0.0,0.0,131.863129,9.202,B,120653,False,False,False,False,12,3,2010
2010-04-02,18,1,88055.13,False,45.63,2.826,0.0,0.0,0.0,0.0,0.0,131.9019677,9.269,B,120653,False,False,False,False,13,4,2010
2010-04-02,18,2,68470.65,False,45.63,2.826,0.0,0.0,0.0,0.0,0.0,131.9019677,9.269,B,120653,False,False,False,False,13,4,2010
2010-04-02,18,3,12505.53,False,45.63,2.826,0.0,0.0,0.0,0.0,0.0,131.9019677,9.269,B,120653,False,False,False,False,13,4,2010
2010-04-02,18,4,28623.61,False,45.63,2.826,0.0,0.0,0.0,0.0,0.0,131.9019677,9.269,B,120653,False,False,False,False,13,4,2010
2010-04-02,18,5,40637.37,False,45.63,2.826,0.0,0.0,0.0,0.0,0.0,131.9019677,9.269,B,120653,False,False,False,False,13,4,2010
2010-04-02,18,6,7131.97,False,45.63,2.826,0.0,0.0,0.0,0.0,0.0,131.9019677,9.269,B,120653,False,False,False,False,13,4,2010
2010-04-02,18,7,49639.3,False,45.63,2.826,0.0,0.0,0.0,0.0,0.0,131.9019677,9.269,B,120653,False,False,False,False,13,4,2010
2010-04-02,18,8,36489.02,False,45.63,2.826,0.0,0.0,0.0,0.0,0.0,131.9019677,9.269,B,120653,False,False,False,False,13,4,2010
2010-04-02,18,9,22981.18,False,45.63,2.826,0.0,0.0,0.0,0.0,0.0,131.9019677,9.269,B,120653,False,False,False,False,13,4,2010
2010-04-09,18,1,53624.2,False,59.91,2.849,0.0,0.0,0.0,0.0,0.0,131.9408065,9.269,B,120653,False,False,False,False,14,4,2010
2010-04-09,18,2,66988.16,False,59.91,2.849,0.0,0.0,0.0,0.0,0.0,131.9408065,9.269,B,120653,False,False,False,False,14,4,2010
2010-04-09,18,3,10841.2,False,59.91,2.849,0.0,0.0,0.0,0.0,0.0,131.9408065,9.269,B,120653,False,False,False,False,14,4,2010
2010-04-09,18,4,26177.32,False,59.91,2.849,0.0,0.0,0.0,0.0,0.0,131.9408065,9.269,B,120653,False,False,False,False,14,4,2010
2010-04-09,18,5,23940.12,False,59.91,2.849,0.0,0.0,0.0,0.0,0.0,131.9408065,9.269,B,120653,False,False,False,False,14,4,2010
2010-04-09,18,6,5391.86,False,59.91,2.849,0.0,0.0,0.0,0.0,0.0,131.9408065,9.269,B,120653,False,False,False,False,14,4,2010
2010-04-09,18,7,39209.12,False,59.91,2.849,0.0,0.0,0.0,0.0,0.0,131.9408065,9.269,B,120653,False,False,False,False,14,4,2010
2010-04-09,18,8,32964.58,False,59.91,2.849,0.0,0.0,0.0,0.0,0.0,131.9408065,9.269,B,120653,False,False,False,False,14,4,2010
2010-04-09,18,9,21420.53,False,59.91,2.849,0.0,0.0,0.0,0.0,0.0,131.9408065,9.269,B,120653,False,False,False,False,14,4,2010
2010-04-16,18,1,18711.86,False,50.26,2.885,0.0,0.0,0.0,0.0,0.0,131.9809,9.269,B,120653,False,False,False,False,15,4,2010
2010-04-16,18,2,72764.54,False,50.26,2.885,0.0,0.0,0.0,0.0,0.0,131.9809,9.269,B,120653,False,False,False,False,15,4,2010
2010-04-16,18,3,10729.48,False,50.26,2.885,0.0,0.0,0.0,0.0,0.0,131.9809,9.269,B,120653,False,False,False,False,15,4,2010
2010-04-16,18,4,28124.93,False,50.26,2.885,0.0,0.0,0.0,0.0,0.0,131.9809,9.269,B,120653,False,False,False,False,15,4,2010
2010-04-16,18,5,22530.3,False,50.26,2.885,0.0,0.0,0.0,0.0,0.0,131.9809,9.269,B,120653,False,False,False,False,15,4,2010
2010-04-16,18,6,7755.01,False,50.26,2.885,0.0,0.0,0.0,0.0,0.0,131.9809,9.269,B,120653,False,False,False,False,15,4,2010
2010-04-16,18,7,31751.88,False,50.26,2.885,0.0,0.0,0.0,0.0,0.0,131.9809,9.269,B,120653,False,False,False,False,15,4,2010
2010-04-16,18,8,36503.11,False,50.26,2.885,0.0,0.0,0.0,0.0,0.0,131.9809,9.269,B,120653,False,False,False,False,15,4,2010
2010-04-16,18,9,28067.81,False,50.26,2.885,0.0,0.0,0.0,0.0,0.0,131.9809,9.269,B,120653,False,False,False,False,15,4,2010
2010-04-23,18,1,14745.75,False,50.3,2.895,0.0,0.0,0.0,0.0,0.0,132.0226667,9.269,B,120653,False,False,False,False,16,4,2010
2010-04-23,18,2,69751.55,False,50.3,2.895,0.0,0.0,0.0,0.0,0.0,132.0226667,9.269,B,120653,False,False,False,False,16,4,2010
2010-04-23,18,3,11000.46,False,50.3,2.895,0.0,0.0,0.0,0.0,0.0,132.0226667,9.269,B,120653,False,False,False,False,16,4,2010
2010-04-23,18,4,27250.78,False,50.3,2.895,0.0,0.0,0.0,0.0,0.0,132.0226667,9.269,B,120653,False,False,False,False,16,4,2010
2010-04-23,18,5,28698.38,False,50.3,2.895,0.0,0.0,0.0,0.0,0.0,132.0226667,9.269,B,120653,False,False,False,False,16,4,2010
2010-04-23,18,6,6193.93,False,50.3,2.895,0.0,0.0,0.0,0.0,0.0,132.0226667,9.269,B,120653,False,False,False,False,16,4,2010
2010-04-23,18,7,33950.96,False,50.3,2.895,0.0,0.0,0.0,0.0,0.0,132.0226667,9.269,B,120653,False,False,False,False,16,4,2010
2010-04-23,18,8,35460.99,False,50.3,2.895,0.0,0.0,0.0,0.0,0.0,132.0226667,9.269,B,120653,False,False,False,False,16,4,2010
2010-04-23,18,9,27435.51,False,50.3,2.895,0.0,0.0,0.0,0.0,0.0,132.0226667,9.269,B,120653,False,False,False,False,16,4,2010
2010-04-30,18,1,14881.23,False,51.12,2.935,0.0,0.0,0.0,0.0,0.0,132.0644333,9.269,B,120653,False,False,False,False,17,4,2010
2010-04-30,18,2,66618.43,False,51.12,2.935,0.0,0.0,0.0,0.0,0.0,132.0644333,9.269,B,120653,False,False,False,False,17,4,2010
2010-04-30,18,3,10523.3,False,51.12,2.935,0.0,0.0,0.0,0.0,0.0,132.0644333,9.269,B,120653,False,False,False,False,17,4,2010
2010-04-30,18,4,26646.26,False,51.12,2.935,0.0,0.0,0.0,0.0,0.0,132.0644333,9.269,B,120653,False,False,False,False,17,4,2010
2010-04-30,18,5,32109.71,False,51.12,2.935,0.0,0.0,0.0,0.0,0.0,132.0644333,9.269,B,120653,False,False,False,False,17,4,2010
2010-04-30,18,6,6204.01,False,51.12,2.935,0.0,0.0,0.0,0.0,0.0,132.0644333,9.269,B,120653,False,False,False,False,17,4,2010
2010-04-30,18,7,26392.31,False,51.12,2.935,0.0,0.0,0.0,0.0,0.0,132.0644333,9.269,B,120653,False,False,False,False,17,4,2010
2010-04-30,18,8,34882.55,False,51.12,2.935,0.0,0.0,0.0,0.0,0.0,132.0644333,9.269,B,120653,False,False,False,False,17,4,2010
2010-04-30,18,9,21067.16,False,51.12,2.935,0.0,0.0,0.0,0.0,0.0,132.0644333,9.269,B,120653,False,False,False,False,17,4,2010
2010-05-07,18,1,16384.01,False,65.64,2.981,0.0,0.0,0.0,0.0,0.0,132.1062,9.269,B,120653,False,False,False,False,18,5,2010
2010-05-07,18,2,68977.02,False,65.64,2.981,0.0,0.0,0.0,0.0,0.0,132.1062,9.269,B,120653,False,False,False,False,18,5,2010
2010-05-07,18,3,10698.75,False,65.64,2.981,0.0,0.0,0.0,0.0,0.0,132.1062,9.269,B,120653,False,False,False,False,18,5,2010
2010-05-07,18,4,29238.25,False,65.64,2.981,0.0,0.0,0.0,0.0,0.0,132.1062,9.269,B,120653,False,False,False,False,18,5,2010
2010-05-07,18,5,21166.55,False,65.64,2.981,0.0,0.0,0.0,0.0,0.0,132.1062,9.269,B,120653,False,False,False,False,18,5,2010
2010-05-07,18,6,8090.46,False,65.64,2.981,0.0,0.0,0.0,0.0,0.0,132.1062,9.269,B,120653,False,False,False,False,18,5,2010
2010-05-07,18,7,37143.54,False,65.64,2.981,0.0,0.0,0.0,0.0,0.0,132.1062,9.269,B,120653,False,False,False,False,18,5,2010
2010-05-07,18,8,35182.89,False,65.64,2.981,0.0,0.0,0.0,0.0,0.0,132.1062,9.269,B,120653,False,False,False,False,18,5,2010
2010-05-07,18,9,25523.56,False,65.64,2.981,0.0,0.0,0.0,0.0,0.0,132.1062,9.269,B,120653,False,False,False,False,18,5,2010
2010-05-14,18,1,16595.0,False,49.9,2.983,0.0,0.0,0.0,0.0,0.0,132.152129,9.269,B,120653,False,False,False,False,19,5,2010
2010-05-14,18,2,64462.9,False,49.9,2.983,0.0,0.0,0.0,0.0,0.0,132.152129,9.269,B,120653,False,False,False,False,19,5,2010
2010-05-14,18,3,12147.71,False,49.9,2.983,0.0,0.0,0.0,0.0,0.0,132.152129,9.269,B,120653,False,False,False,False,19,5,2010
2010-05-14,18,4,26538.89,False,49.9,2.983,0.0,0.0,0.0,0.0,0.0,132.152129,9.269,B,120653,False,False,False,False,19,5,2010
2010-05-14,18,5,24134.42,False,49.9,2.983,0.0,0.0,0.0,0.0,0.0,132.152129,9.269,B,120653,False,False,False,False,19,5,2010
2010-05-14,18,6,10044.33,False,49.9,2.983,0.0,0.0,0.0,0.0,0.0,132.152129,9.269,B,120653,False,False,False,False,19,5,2010
2010-05-14,18,7,24940.86,False,49.9,2.983,0.0,0.0,0.0,0.0,0.0,132.152129,9.269,B,120653,False,False,False,False,19,5,2010
2010-05-14,18,8,34096.59,False,49.9,2.983,0.0,0.0,0.0,0.0,0.0,132.152129,9.269,B,120653,False,False,False,False,19,5,2010
2010-05-14,18,9,24132.15,False,49.9,2.983,0.0,0.0,0.0,0.0,0.0,132.152129,9.269,B,120653,False,False,False,False,19,5,2010
2010-05-21,18,1,16798.66,False,60.27,2.961,0.0,0.0,0.0,0.0,0.0,132.2230323,9.269,B,120653,False,False,False,False,20,5,2010
2010-05-21,18,2,68282.54,False,60.27,2.961,0.0,0.0,0.0,0.0,0.0,132.2230323,9.269,B,120653,False,False,False,False,20,5,2010
2010-05-21,18,3,10696.91,False,60.27,2.961,0.0,0.0,0.0,0.0,0.0,132.2230323,9.269,B,120653,False,False,False,False,20,5,2010
2010-05-21,18,4,25832.48,False,60.27,2.961,0.0,0.0,0.0,0.0,0.0,132.2230323,9.269,B,120653,False,False,False,False,20,5,2010
2010-05-21,18,5,20679.48,False,60.27,2.961,0.0,0.0,0.0,0.0,0.0,132.2230323,9.269,B,120653,False,False,False,False,20,5,2010
2010-05-21,18,6,5170.16,False,60.27,2.961,0.0,0.0,0.0,0.0,0.0,132.2230323,9.269,B,120653,False,False,False,False,20,5,2010
2010-05-21,18,7,30118.48,False,60.27,2.961,0.0,0.0,0.0,0.0,0.0,132.2230323,9.269,B,120653,False,False,False,False,20,5,2010
2010-05-21,18,8,32885.83,False,60.27,2.961,0.0,0.0,0.0,0.0,0.0,132.2230323,9.269,B,120653,False,False,False,False,20,5,2010
2010-05-21,18,9,28963.23,False,60.27,2.961,0.0,0.0,0.0,0.0,0.0,132.2230323,9.269,B,120653,False,False,False,False,20,5,2010
2010-05-28,18,1,15925.66,False,69.12,2.906,0.0,0.0,0.0,0.0,0.0,132.2939355,9.269,B,120653,False,False,False,False,21,5,2010
2010-05-28,18,2,71647.2,False,69.12,2.906,0.0,0.0,0.0,0.0,0.0,132.2939355,9.269,B,120653,False,False,False,False,21,5,2010
2010-05-28,18,3,10177.22,False,69.12,2.906,0.0,0.0,0.0,0.0,0.0,132.2939355,9.269,B,120653,False,False,False,False,21,5,2010
2010-05-28,18,4,28561.97,False,69.12,2.906,0.0,0.0,0.0,0.0,0.0,132.2939355,9.269,B,120653,False,False,False,False,21,5,2010
2010-05-28,18,5,16260.47,False,69.12,2.906,0.0,0.0,0.0,0.0,0.0,132.2939355,9.269,B,120653,False,False,False,False,21,5,2010
2010-05-28,18,6,11238.78,False,69.12,2.906,0.0,0.0,0.0,0.0,0.0,132.2939355,9.269,B,120653,False,False,False,False,21,5,2010
2010-05-28,18,7,36616.87,False,69.12,2.906,0.0,0.0,0.0,0.0,0.0,132.2939355,9.269,B,120653,False,False,False,False,21,5,2010
2010-05-28,18,8,35011.33,False,69.12,2.906,0.0,0.0,0.0,0.0,0.0,132.2939355,9.269,B,120653,False,False,False,False,21,5,2010
2010-05-28,18,9,38411.39,False,69.12,2.906,0.0,0.0,0.0,0.0,0.0,132.2939355,9.269,B,120653,False,False,False,False,21,5,2010
2010-06-04,18,1,15784.5,False,70.28,2.857,0.0,0.0,0.0,0.0,0.0,132.3648387,9.269,B,120653,False,False,False,False,22,6,2010
2010-06-04,18,2,70455.0,False,70.28,2.857,0.0,0.0,0.0,0.0,0.0,132.3648387,9.269,B,120653,False,False,False,False,22,6,2010
2010-06-04,18,3,10374.62,False,70.28,2.857,0.0,0.0,0.0,0.0,0.0,132.3648387,9.269,B,120653,False,False,False,False,22,6,2010
2010-06-04,18,4,29292.33,False,70.28,2.857,0.0,0.0,0.0,0.0,0.0,132.3648387,9.269,B,120653,False,False,False,False,22,6,2010
2010-06-04,18,5,23141.13,False,70.28,2.857,0.0,0.0,0.0,0.0,0.0,132.3648387,9.269,B,120653,False,False,False,False,22,6,2010
2010-06-04,18,6,7527.86,False,70.28,2.857,0.0,0.0,0.0,0.0,0.0,132.3648387,9.269,B,120653,False,False,False,False,22,6,2010
2010-06-04,18,7,38438.02,False,70.28,2.857,0.0,0.0,0.0,0.0,0.0,132.3648387,9.269,B,120653,False,False,False,False,22,6,2010
2010-06-04,18,8,34861.65,False,70.28,2.857,0.0,0.0,0.0,0.0,0.0,132.3648387,9.269,B,120653,False,False,False,False,22,6,2010
2010-06-04,18,9,33945.67,False,70.28,2.857,0.0,0.0,0.0,0.0,0.0,132.3648387,9.269,B,120653,False,False,False,False,22,6,2010
2010-06-11,18,1,17371.24,False,64.08,2.83,0.0,0.0,0.0,0.0,0.0,132.4357419,9.269,B,120653,False,False,False,False,23,6,2010
2010-06-11,18,2,72406.05,False,64.08,2.83,0.0,0.0,0.0,0.0,0.0,132.4357419,9.269,B,120653,False,False,False,False,23,6,2010
2010-06-11,18,3,12385.84,False,64.08,2.83,0.0,0.0,0.0,0.0,0.0,132.4357419,9.269,B,120653,False,False,False,False,23,6,2010
2010-06-11,18,4,27994.46,False,64.08,2.83,0.0,0.0,0.0,0.0,0.0,132.4357419,9.269,B,120653,False,False,False,False,23,6,2010
2010-06-11,18,5,18943.13,False,64.08,2.83,0.0,0.0,0.0,0.0,0.0,132.4357419,9.269,B,120653,False,False,False,False,23,6,2010
2010-06-11,18,6,7548.69,False,64.08,2.83,0.0,0.0,0.0,0.0,0.0,132.4357419,9.269,B,120653,False,False,False,False,23,6,2010
2010-06-11,18,7,32048.5,False,64.08,2.83,0.0,0.0,0.0,0.0,0.0,132.4357419,9.269,B,120653,False,False,False,False,23,6,2010
2010-06-11,18,8,35907.6,False,64.08,2.83,0.0,0.0,0.0,0.0,0.0,132.4357419,9.269,B,120653,False,False,False,False,23,6,2010
2010-06-11,18,9,29764.48,False,64.08,2.83,0.0,0.0,0.0,0.0,0.0,132.4357419,9.269,B,120653,False,False,False,False,23,6,2010
2010-06-18,18,1,17808.44,False,65.96,2.805,0.0,0.0,0.0,0.0,0.0,132.4733333,9.269,B,120653,False,False,False,False,24,6,2010
2010-06-18,18,2,80213.47,False,65.96,2.805,0.0,0.0,0.0,0.0,0.0,132.4733333,9.269,B,120653,False,False,False,False,24,6,2010
2010-06-18,18,3,12923.72,False,65.96,2.805,0.0,0.0,0.0,0.0,0.0,132.4733333,9.269,B,120653,False,False,False,False,24,6,2010
2010-06-18,18,4,27213.05,False,65.96,2.805,0.0,0.0,0.0,0.0,0.0,132.4733333,9.269,B,120653,False,False,False,False,24,6,2010
2010-06-18,18,5,23483.18,False,65.96,2.805,0.0,0.0,0.0,0.0,0.0,132.4733333,9.269,B,120653,False,False,False,False,24,6,2010
2010-06-18,18,6,11100.58,False,65.96,2.805,0.0,0.0,0.0,0.0,0.0,132.4733333,9.269,B,120653,False,False,False,False,24,6,2010
2010-06-18,18,7,32567.72,False,65.96,2.805,0.0,0.0,0.0,0.0,0.0,132.4733333,9.269,B,120653,False,False,False,False,24,6,2010
2010-06-18,18,8,36468.36,False,65.96,2.805,0.0,0.0,0.0,0.0,0.0,132.4733333,9.269,B,120653,False,False,False,False,24,6,2010
2010-06-18,18,9,32201.23,False,65.96,2.805,0.0,0.0,0.0,0.0,0.0,132.4733333,9.269,B,120653,False,False,False,False,24,6,2010
2010-06-25,18,1,17228.59,False,74.04,2.81,0.0,0.0,0.0,0.0,0.0,132.4976,9.269,B,120653,False,False,False,False,25,6,2010
2010-06-25,18,2,71149.48,False,74.04,2.81,0.0,0.0,0.0,0.0,0.0,132.4976,9.269,B,120653,False,False,False,False,25,6,2010
2010-06-25,18,3,11427.78,False,74.04,2.81,0.0,0.0,0.0,0.0,0.0,132.4976,9.269,B,120653,False,False,False,False,25,6,2010
2010-06-25,18,4,27037.18,False,74.04,2.81,0.0,0.0,0.0,0.0,0.0,132.4976,9.269,B,120653,False,False,False,False,25,6,2010
2010-06-25,18,5,17217.41,False,74.04,2.81,0.0,0.0,0.0,0.0,0.0,132.4976,9.269,B,120653,False,False,False,False,25,6,2010
2010-06-25,18,6,10785.94,False,74.04,2.81,0.0,0.0,0.0,0.0,0.0,132.4976,9.269,B,120653,False,False,False,False,25,6,2010
2010-06-25,18,7,49249.73,False,74.04,2.81,0.0,0.0,0.0,0.0,0.0,132.4976,9.269,B,120653,False,False,False,False,25,6,2010
2010-06-25,18,8,33904.97,False,74.04,2.81,0.0,0.0,0.0,0.0,0.0,132.4976,9.269,B,120653,False,False,False,False,25,6,2010
2010-06-25,18,9,38060.01,False,74.04,2.81,0.0,0.0,0.0,0.0,0.0,132.4976,9.269,B,120653,False,False,False,False,25,6,2010
2010-07-02,18,1,16849.03,False,71.22,2.815,0.0,0.0,0.0,0.0,0.0,132.5218667,9.342,B,120653,False,False,False,False,26,7,2010
2010-07-02,18,2,80459.12,False,71.22,2.815,0.0,0.0,0.0,0.0,0.0,132.5218667,9.342,B,120653,False,False,False,False,26,7,2010
2010-07-02,18,3,11687.98,False,71.22,2.815,0.0,0.0,0.0,0.0,0.0,132.5218667,9.342,B,120653,False,False,False,False,26,7,2010
2010-07-02,18,4,32037.16,False,71.22,2.815,0.0,0.0,0.0,0.0,0.0,132.5218667,9.342,B,120653,False,False,False,False,26,7,2010
2010-07-02,18,5,21256.87,False,71.22,2.815,0.0,0.0,0.0,0.0,0.0,132.5218667,9.342,B,120653,False,False,False,False,26,7,2010
2010-07-02,18,6,8239.42,False,71.22,2.815,0.0,0.0,0.0,0.0,0.0,132.5218667,9.342,B,120653,False,False,False,False,26,7,2010
2010-07-02,18,7,38261.76,False,71.22,2.815,0.0,0.0,0.0,0.0,0.0,132.5218667,9.342,B,120653,False,False,False,False,26,7,2010
2010-07-02,18,8,36484.52,False,71.22,2.815,0.0,0.0,0.0,0.0,0.0,132.5218667,9.342,B,120653,False,False,False,False,26,7,2010
2010-07-02,18,9,38648.13,False,71.22,2.815,0.0,0.0,0.0,0.0,0.0,132.5218667,9.342,B,120653,False,False,False,False,26,7,2010
2010-07-09,18,1,13567.43,False,79.75,2.806,0.0,0.0,0.0,0.0,0.0,132.5461333,9.342,B,120653,False,False,False,False,27,7,2010
2010-07-09,18,2,66983.41,False,79.75,2.806,0.0,0.0,0.0,0.0,0.0,132.5461333,9.342,B,120653,False,False,False,False,27,7,2010
2010-07-09,18,3,11387.27,False,79.75,2.806,0.0,0.0,0.0,0.0,0.0,132.5461333,9.342,B,120653,False,False,False,False,27,7,2010
2010-07-09,18,4,29734.05,False,79.75,2.806,0.0,0.0,0.0,0.0,0.0,132.5461333,9.342,B,120653,False,False,False,False,27,7,2010
2010-07-09,18,5,19252.92,False,79.75,2.806,0.0,0.0,0.0,0.0,0.0,132.5461333,9.342,B,120653,False,False,False,False,27,7,2010
2010-07-09,18,6,7623.36,False,79.75,2.806,0.0,0.0,0.0,0.0,0.0,132.5461333,9.342,B,120653,False,False,False,False,27,7,2010
2010-07-09,18,7,31063.84,False,79.75,2.806,0.0,0.0,0.0,0.0,0.0,132.5461333,9.342,B,120653,False,False,False,False,27,7,2010
2010-07-09,18,8,30350.17,False,79.75,2.806,0.0,0.0,0.0,0.0,0.0,132.5461333,9.342,B,120653,False,False,False,False,27,7,2010
2010-07-09,18,9,34469.08,False,79.75,2.806,0.0,0.0,0.0,0.0,0.0,132.5461333,9.342,B,120653,False,False,False,False,27,7,2010
2010-07-16,18,1,14914.24,False,76.9,2.796,0.0,0.0,0.0,0.0,0.0,132.5667742,9.342,B,120653,False,False,False,False,28,7,2010
2010-07-16,18,2,74301.87,False,76.9,2.796,0.0,0.0,0.0,0.0,0.0,132.5667742,9.342,B,120653,False,False,False,False,28,7,2010
2010-07-16,18,3,18447.28,False,76.9,2.796,0.0,0.0,0.0,0.0,0.0,132.5667742,9.342,B,120653,False,False,False,False,28,7,2010
2010-07-16,18,4,29395.52,False,76.9,2.796,0.0,0.0,0.0,0.0,0.0,132.5667742,9.342,B,120653,False,False,False,False,28,7,2010
2010-07-16,18,5,19734.23,False,76.9,2.796,0.0,0.0,0.0,0.0,0.0,132.5667742,9.342,B,120653,False,False,False,False,28,7,2010
2010-07-16,18,6,6777.39,False,76.9,2.796,0.0,0.0,0.0,0.0,0.0,132.5667742,9.342,B,120653,False,False,False,False,28,7,2010
2010-07-16,18,7,27589.23,False,76.9,2.796,0.0,0.0,0.0,0.0,0.0,132.5667742,9.342,B,120653,False,False,False,False,28,7,2010
2010-07-16,18,8,34534.56,False,76.9,2.796,0.0,0.0,0.0,0.0,0.0,132.5667742,9.342,B,120653,False,False,False,False,28,7,2010
2010-07-16,18,9,27699.41,False,76.9,2.796,0.0,0.0,0.0,0.0,0.0,132.5667742,9.342,B,120653,False,False,False,False,28,7,2010
2010-07-23,18,1,15714.83,False,75.71,2.784,0.0,0.0,0.0,0.0,0.0,132.5825806,9.342,B,120653,False,False,False,False,29,7,2010
2010-07-23,18,2,69109.93,False,75.71,2.784,0.0,0.0,0.0,0.0,0.0,132.5825806,9.342,B,120653,False,False,False,False,29,7,2010
2010-07-23,18,3,19363.66,False,75.71,2.784,0.0,0.0,0.0,0.0,0.0,132.5825806,9.342,B,120653,False,False,False,False,29,7,2010
2010-07-23,18,4,27800.83,False,75.71,2.784,0.0,0.0,0.0,0.0,0.0,132.5825806,9.342,B,120653,False,False,False,False,29,7,2010
2010-07-23,18,5,15178.25,False,75.71,2.784,0.0,0.0,0.0,0.0,0.0,132.5825806,9.342,B,120653,False,False,False,False,29,7,2010
2010-07-23,18,6,5981.76,False,75.71,2.784,0.0,0.0,0.0,0.0,0.0,132.5825806,9.342,B,120653,False,False,False,False,29,7,2010
2010-07-23,18,7,31998.54,False,75.71,2.784,0.0,0.0,0.0,0.0,0.0,132.5825806,9.342,B,120653,False,False,False,False,29,7,2010
2010-07-23,18,8,32518.23,False,75.71,2.784,0.0,0.0,0.0,0.0,0.0,132.5825806,9.342,B,120653,False,False,False,False,29,7,2010
2010-07-23,18,9,30977.87,False,75.71,2.784,0.0,0.0,0.0,0.0,0.0,132.5825806,9.342,B,120653,False,False,False,False,29,7,2010
2010-07-30,18,1,15954.39,False,75.79,2.792,0.0,0.0,0.0,0.0,0.0,132.5983871,9.342,B,120653,False,False,False,False,30,7,2010
2010-07-30,18,2,71950.33,False,75.79,2.792,0.0,0.0,0.0,0.0,0.0,132.5983871,9.342,B,120653,False,False,False,False,30,7,2010
2010-07-30,18,3,27978.93,False,75.79,2.792,0.0,0.0,0.0,0.0,0.0,132.5983871,9.342,B,120653,False,False,False,False,30,7,2010
2010-07-30,18,4,28807.53,False,75.79,2.792,0.0,0.0,0.0,0.0,0.0,132.5983871,9.342,B,120653,False,False,False,False,30,7,2010
2010-07-30,18,5,17327.46,False,75.79,2.792,0.0,0.0,0.0,0.0,0.0,132.5983871,9.342,B,120653,False,False,False,False,30,7,2010
2010-07-30,18,6,8490.25,False,75.79,2.792,0.0,0.0,0.0,0.0,0.0,132.5983871,9.342,B,120653,False,False,False,False,30,7,2010
2010-07-30,18,7,31561.02,False,75.79,2.792,0.0,0.0,0.0,0.0,0.0,132.5983871,9.342,B,120653,False,False,False,False,30,7,2010
2010-07-30,18,8,34475.65,False,75.79,2.792,0.0,0.0,0.0,0.0,0.0,132.5983871,9.342,B,120653,False,False,False,False,30,7,2010
2010-07-30,18,9,29506.93,False,75.79,2.792,0.0,0.0,0.0,0.0,0.0,132.5983871,9.342,B,120653,False,False,False,False,30,7,2010
2010-08-06,18,1,16285.29,False,73.67,2.792,0.0,0.0,0.0,0.0,0.0,132.6141935,9.342,B,120653,False,False,False,False,31,8,2010
2010-08-06,18,2,76369.05,False,73.67,2.792,0.0,0.0,0.0,0.0,0.0,132.6141935,9.342,B,120653,False,False,False,False,31,8,2010
2010-08-06,18,3,34278.15,False,73.67,2.792,0.0,0.0,0.0,0.0,0.0,132.6141935,9.342,B,120653,False,False,False,False,31,8,2010
2010-08-06,18,4,29933.82,False,73.67,2.792,0.0,0.0,0.0,0.0,0.0,132.6141935,9.342,B,120653,False,False,False,False,31,8,2010
2010-08-06,18,5,19894.87,False,73.67,2.792,0.0,0.0,0.0,0.0,0.0,132.6141935,9.342,B,120653,False,False,False,False,31,8,2010
2010-08-06,18,6,7093.29,False,73.67,2.792,0.0,0.0,0.0,0.0,0.0,132.6141935,9.342,B,120653,False,False,False,False,31,8,2010
2010-08-06,18,7,29900.43,False,73.67,2.792,0.0,0.0,0.0,0.0,0.0,132.6141935,9.342,B,120653,False,False,False,False,31,8,2010
2010-08-06,18,8,35613.57,False,73.67,2.792,0.0,0.0,0.0,0.0,0.0,132.6141935,9.342,B,120653,False,False,False,False,31,8,2010
2010-08-06,18,9,28268.69,False,73.67,2.792,0.0,0.0,0.0,0.0,0.0,132.6141935,9.342,B,120653,False,False,False,False,31,8,2010
2010-08-13,18,1,15199.91,False,74.19,2.81,0.0,0.0,0.0,0.0,0.0,132.63,9.342,B,120653,False,False,False,False,32,8,2010
2010-08-13,18,2,71323.97,False,74.19,2.81,0.0,0.0,0.0,0.0,0.0,132.63,9.342,B,120653,False,False,False,False,32,8,2010
2010-08-13,18,3,39119.83,False,74.19,2.81,0.0,0.0,0.0,0.0,0.0,132.63,9.342,B,120653,False,False,False,False,32,8,2010
2010-08-13,18,4,28399.27,False,74.19,2.81,0.0,0.0,0.0,0.0,0.0,132.63,9.342,B,120653,False,False,False,False,32,8,2010
2010-08-13,18,5,17291.9,False,74.19,2.81,0.0,0.0,0.0,0.0,0.0,132.63,9.342,B,120653,False,False,False,False,32,8,2010
2010-08-13,18,6,7330.4,False,74.19,2.81,0.0,0.0,0.0,0.0,0.0,132.63,9.342,B,120653,False,False,False,False,32,8,2010
2010-08-13,18,7,26837.13,False,74.19,2.81,0.0,0.0,0.0,0.0,0.0,132.63,9.342,B,120653,False,False,False,False,32,8,2010
2010-08-13,18,8,32805.46,False,74.19,2.81,0.0,0.0,0.0,0.0,0.0,132.63,9.342,B,120653,False,False,False,False,32,8,2010
2010-08-13,18,9,25694.81,False,74.19,2.81,0.0,0.0,0.0,0.0,0.0,132.63,9.342,B,120653,False,False,False,False,32,8,2010
2010-08-20,18,1,14445.08,False,71.76,2.796,0.0,0.0,0.0,0.0,0.0,132.6616129,9.342,B,120653,False,False,False,False,33,8,2010
2010-08-20,18,2,76418.02,False,71.76,2.796,0.0,0.0,0.0,0.0,0.0,132.6616129,9.342,B,120653,False,False,False,False,33,8,2010
2010-08-20,18,3,58908.95,False,71.76,2.796,0.0,0.0,0.0,0.0,0.0,132.6616129,9.342,B,120653,False,False,False,False,33,8,2010
2010-08-20,18,4,28827.1,False,71.76,2.796,0.0,0.0,0.0,0.0,0.0,132.6616129,9.342,B,120653,False,False,False,False,33,8,2010
2010-08-20,18,5,17026.81,False,71.76,2.796,0.0,0.0,0.0,0.0,0.0,132.6616129,9.342,B,120653,False,False,False,False,33,8,2010
2010-08-20,18,6,5888.87,False,71.76,2.796,0.0,0.0,0.0,0.0,0.0,132.6616129,9.342,B,120653,False,False,False,False,33,8,2010
2010-08-20,18,7,25534.7,False,71.76,2.796,0.0,0.0,0.0,0.0,0.0,132.6616129,9.342,B,120653,False,False,False,False,33,8,2010
2010-08-20,18,8,33684.89,False,71.76,2.796,0.0,0.0,0.0,0.0,0.0,132.6616129,9.342,B,120653,False,False,False,False,33,8,2010
2010-08-20,18,9,25850.58,False,71.76,2.796,0.0,0.0,0.0,0.0,0.0,132.6616129,9.342,B,120653,False,False,False,False,33,8,2010
2010-08-27,18,1,15604.74,False,67.05,2.77,0.0,0.0,0.0,0.0,0.0,132.6932258,9.342,B,120653,False,False,False,False,34,8,2010
2010-08-27,18,2,81475.84,False,67.05,2.77,0.0,0.0,0.0,0.0,0.0,132.6932258,9.342,B,120653,False,False,False,False,34,8,2010
2010-08-27,18,3,73340.18,False,67.05,2.77,0.0,0.0,0.0,0.0,0.0,132.6932258,9.342,B,120653,False,False,False,False,34,8,2010
2010-08-27,18,4,32088.55,False,67.05,2.77,0.0,0.0,0.0,0.0,0.0,132.6932258,9.342,B,120653,False,False,False,False,34,8,2010
2010-08-27,18,5,13792.25,False,67.05,2.77,0.0,0.0,0.0,0.0,0.0,132.6932258,9.342,B,120653,False,False,False,False,34,8,2010
2010-08-27,18,6,4384.6,False,67.05,2.77,0.0,0.0,0.0,0.0,0.0,132.6932258,9.342,B,120653,False,False,False,False,34,8,2010
2010-08-27,18,7,22502.45,False,67.05,2.77,0.0,0.0,0.0,0.0,0.0,132.6932258,9.342,B,120653,False,False,False,False,34,8,2010
2010-08-27,18,8,35209.14,False,67.05,2.77,0.0,0.0,0.0,0.0,0.0,132.6932258,9.342,B,120653,False,False,False,False,34,8,2010
2010-08-27,18,9,21465.59,False,67.05,2.77,0.0,0.0,0.0,0.0,0.0,132.6932258,9.342,B,120653,False,False,False,False,34,8,2010
2010-09-03,18,1,15763.09,False,75.42,2.735,0.0,0.0,0.0,0.0,0.0,132.7248387,9.342,B,120653,False,False,False,False,35,9,2010
2010-09-03,18,2,75767.16,False,75.42,2.735,0.0,0.0,0.0,0.0,0.0,132.7248387,9.342,B,120653,False,False,False,False,35,9,2010
2010-09-03,18,3,58159.32,False,75.42,2.735,0.0,0.0,0.0,0.0,0.0,132.7248387,9.342,B,120653,False,False,False,False,35,9,2010
2010-09-03,18,4,33755.59,False,75.42,2.735,0.0,0.0,0.0,0.0,0.0,132.7248387,9.342,B,120653,False,False,False,False,35,9,2010
2010-09-03,18,5,15599.58,False,75.42,2.735,0.0,0.0,0.0,0.0,0.0,132.7248387,9.342,B,120653,False,False,False,False,35,9,2010
2010-09-03,18,6,5628.33,False,75.42,2.735,0.0,0.0,0.0,0.0,0.0,132.7248387,9.342,B,120653,False,False,False,False,35,9,2010
2010-09-03,18,7,23530.48,False,75.42,2.735,0.0,0.0,0.0,0.0,0.0,132.7248387,9.342,B,120653,False,False,False,False,35,9,2010
2010-09-03,18,8,34979.72,False,75.42,2.735,0.0,0.0,0.0,0.0,0.0,132.7248387,9.342,B,120653,False,False,False,False,35,9,2010
2010-09-03,18,9,20705.28,False,75.42,2.735,0.0,0.0,0.0,0.0,0.0,132.7248387,9.342,B,120653,False,False,False,False,35,9,2010
2010-09-10,18,1,16035.93,True,67.09,2.717,0.0,0.0,0.0,0.0,0.0,132.7564516,9.342,B,120653,False,True,False,False,36,9,2010
2010-09-10,18,2,66951.41,True,67.09,2.717,0.0,0.0,0.0,0.0,0.0,132.7564516,9.342,B,120653,False,True,False,False,36,9,2010
2010-09-10,18,3,20475.56,True,67.09,2.717,0.0,0.0,0.0,0.0,0.0,132.7564516,9.342,B,120653,False,True,False,False,36,9,2010
2010-09-10,18,4,28220.07,True,67.09,2.717,0.0,0.0,0.0,0.0,0.0,132.7564516,9.342,B,120653,False,True,False,False,36,9,2010
2010-09-10,18,5,17710.68,True,67.09,2.717,0.0,0.0,0.0,0.0,0.0,132.7564516,9.342,B,120653,False,True,False,False,36,9,2010
2010-09-10,18,6,4878.86,True,67.09,2.717,0.0,0.0,0.0,0.0,0.0,132.7564516,9.342,B,120653,False,True,False,False,36,9,2010
2010-09-10,18,7,22321.72,True,67.09,2.717,0.0,0.0,0.0,0.0,0.0,132.7564516,9.342,B,120653,False,True,False,False,36,9,2010
2010-09-10,18,8,33191.81,True,67.09,2.717,0.0,0.0,0.0,0.0,0.0,132.7564516,9.342,B,120653,False,True,False,False,36,9,2010
2010-09-10,18,9,20886.36,True,67.09,2.717,0.0,0.0,0.0,0.0,0.0,132.7564516,9.342,B,120653,False,True,False,False,36,9,2010
2010-09-17,18,1,17687.74,False,60.94,2.716,0.0,0.0,0.0,0.0,0.0,132.7670667,9.342,B,120653,False,False,False,False,37,9,2010
2010-09-17,18,2,62994.2,False,60.94,2.716,0.0,0.0,0.0,0.0,0.0,132.7670667,9.342,B,120653,False,False,False,False,37,9,2010
2010-09-17,18,3,14542.68,False,60.94,2.716,0.0,0.0,0.0,0.0,0.0,132.7670667,9.342,B,120653,False,False,False,False,37,9,2010
2010-09-17,18,4,28955.8,False,60.94,2.716,0.0,0.0,0.0,0.0,0.0,132.7670667,9.342,B,120653,False,False,False,False,37,9,2010
2010-09-17,18,5,15665.68,False,60.94,2.716,0.0,0.0,0.0,0.0,0.0,132.7670667,9.342,B,120653,False,False,False,False,37,9,2010
2010-09-17,18,6,5453.45,False,60.94,2.716,0.0,0.0,0.0,0.0,0.0,132.7670667,9.342,B,120653,False,False,False,False,37,9,2010
2010-09-17,18,7,21069.01,False,60.94,2.716,0.0,0.0,0.0,0.0,0.0,132.7670667,9.342,B,120653,False,False,False,False,37,9,2010
2010-09-17,18,8,34312.72,False,60.94,2.716,0.0,0.0,0.0,0.0,0.0,132.7670667,9.342,B,120653,False,False,False,False,37,9,2010
2010-09-17,18,9,15412.51,False,60.94,2.716,0.0,0.0,0.0,0.0,0.0,132.7670667,9.342,B,120653,False,False,False,False,37,9,2010
2010-09-24,18,1,17355.35,False,64.82,2.718,0.0,0.0,0.0,0.0,0.0,132.7619333,9.342,B,120653,False,False,False,False,38,9,2010
2010-09-24,18,2,64775.67,False,64.82,2.718,0.0,0.0,0.0,0.0,0.0,132.7619333,9.342,B,120653,False,False,False,False,38,9,2010
2010-09-24,18,3,11989.73,False,64.82,2.718,0.0,0.0,0.0,0.0,0.0,132.7619333,9.342,B,120653,False,False,False,False,38,9,2010
2010-09-24,18,4,27007.36,False,64.82,2.718,0.0,0.0,0.0,0.0,0.0,132.7619333,9.342,B,120653,False,False,False,False,38,9,2010
2010-09-24,18,5,17078.93,False,64.82,2.718,0.0,0.0,0.0,0.0,0.0,132.7619333,9.342,B,120653,False,False,False,False,38,9,2010
2010-09-24,18,6,5060.85,False,64.82,2.718,0.0,0.0,0.0,0.0,0.0,132.7619333,9.342,B,120653,False,False,False,False,38,9,2010
2010-09-24,18,7,23379.23,False,64.82,2.718,0.0,0.0,0.0,0.0,0.0,132.7619333,9.342,B,120653,False,False,False,False,38,9,2010
2010-09-24,18,8,33934.35,False,64.82,2.718,0.0,0.0,0.0,0.0,0.0,132.7619333,9.342,B,120653,False,False,False,False,38,9,2010
2010-09-24,18,9,14846.31,False,64.82,2.718,0.0,0.0,0.0,0.0,0.0,132.7619333,9.342,B,120653,False,False,False,False,38,9,2010
2010-10-01,18,1,18642.87,False,67.76,2.717,0.0,0.0,0.0,0.0,0.0,132.7568,9.331,B,120653,False,False,False,False,39,10,2010
2010-10-01,18,2,64178.52,False,67.76,2.717,0.0,0.0,0.0,0.0,0.0,132.7568,9.331,B,120653,False,False,False,False,39,10,2010
2010-10-01,18,3,10422.9,False,67.76,2.717,0.0,0.0,0.0,0.0,0.0,132.7568,9.331,B,120653,False,False,False,False,39,10,2010
2010-10-01,18,4,25398.89,False,67.76,2.717,0.0,0.0,0.0,0.0,0.0,132.7568,9.331,B,120653,False,False,False,False,39,10,2010
2010-10-01,18,5,18896.53,False,67.76,2.717,0.0,0.0,0.0,0.0,0.0,132.7568,9.331,B,120653,False,False,False,False,39,10,2010
2010-10-01,18,6,7578.34,False,67.76,2.717,0.0,0.0,0.0,0.0,0.0,132.7568,9.331,B,120653,False,False,False,False,39,10,2010
2010-10-01,18,7,20487.67,False,67.76,2.717,0.0,0.0,0.0,0.0,0.0,132.7568,9.331,B,120653,False,False,False,False,39,10,2010
2010-10-01,18,8,33084.11,False,67.76,2.717,0.0,0.0,0.0,0.0,0.0,132.7568,9.331,B,120653,False,False,False,False,39,10,2010
2010-10-01,18,9,15397.04,False,67.76,2.717,0.0,0.0,0.0,0.0,0.0,132.7568,9.331,B,120653,False,False,False,False,39,10,2010
2010-10-08,18,1,26539.38,False,54.73,2.776,0.0,0.0,0.0,0.0,0.0,132.7516667,9.331,B,120653,False,False,False,False,40,10,2010
2010-10-08,18,2,68456.83,False,54.73,2.776,0.0,0.0,0.0,0.0,0.0,132.7516667,9.331,B,120653,False,False,False,False,40,10,2010
2010-10-08,18,3,11758.41,False,54.73,2.776,0.0,0.0,0.0,0.0,0.0,132.7516667,9.331,B,120653,False,False,False,False,40,10,2010
2010-10-08,18,4,28891.13,False,54.73,2.776,0.0,0.0,0.0,0.0,0.0,132.7516667,9.331,B,120653,False,False,False,False,40,10,2010
2010-10-08,18,5,22046.86,False,54.73,2.776,0.0,0.0,0.0,0.0,0.0,132.7516667,9.331,B,120653,False,False,False,False,40,10,2010
2010-10-08,18,6,5421.09,False,54.73,2.776,0.0,0.0,0.0,0.0,0.0,132.7516667,9.331,B,120653,False,False,False,False,40,10,2010
2010-10-08,18,7,23608.07,False,54.73,2.776,0.0,0.0,0.0,0.0,0.0,132.7516667,9.331,B,120653,False,False,False,False,40,10,2010
2010-10-08,18,8,38876.72,False,54.73,2.776,0.0,0.0,0.0,0.0,0.0,132.7516667,9.331,B,120653,False,False,False,False,40,10,2010
2010-10-08,18,9,13471.46,False,54.73,2.776,0.0,0.0,0.0,0.0,0.0,132.7516667,9.331,B,120653,False,False,False,False,40,10,2010
2010-10-15,18,1,28004.5,False,52.02,2.878,0.0,0.0,0.0,0.0,0.0,132.7633548,9.331,B,120653,False,False,False,False,41,10,2010
2010-10-15,18,2,63605.06,False,52.02,2.878,0.0,0.0,0.0,0.0,0.0,132.7633548,9.331,B,120653,False,False,False,False,41,10,2010
2010-10-15,18,3,10950.3,False,52.02,2.878,0.0,0.0,0.0,0.0,0.0,132.7633548,9.331,B,120653,False,False,False,False,41,10,2010
2010-10-15,18,4,26177.48,False,52.02,2.878,0.0,0.0,0.0,0.0,0.0,132.7633548,9.331,B,120653,False,False,False,False,41,10,2010
2010-10-15,18,5,20257.84,False,52.02,2.878,0.0,0.0,0.0,0.0,0.0,132.7633548,9.331,B,120653,False,False,False,False,41,10,2010
2010-10-15,18,6,6362.01,False,52.02,2.878,0.0,0.0,0.0,0.0,0.0,132.7633548,9.331,B,120653,False,False,False,False,41,10,2010
2010-10-15,18,7,19746.16,False,52.02,2.878,0.0,0.0,0.0,0.0,0.0,132.7633548,9.331,B,120653,False,False,False,False,41,10,2010
2010-10-15,18,8,35217.6,False,52.02,2.878,0.0,0.0,0.0,0.0,0.0,132.7633548,9.331,B,120653,False,False,False,False,41,10,2010
2010-10-15,18,9,11873.88,False,52.02,2.878,0.0,0.0,0.0,0.0,0.0,132.7633548,9.331,B,120653,False,False,False,False,41,10,2010
2010-10-22,18,1,34111.92,False,47.12,2.919,0.0,0.0,0.0,0.0,0.0,132.8170968,9.331,B,120653,False,False,False,False,42,10,2010
2010-10-22,18,2,65428.85,False,47.12,2.919,0.0,0.0,0.0,0.0,0.0,132.8170968,9.331,B,120653,False,False,False,False,42,10,2010
2010-10-22,18,3,11652.43,False,47.12,2.919,0.0,0.0,0.0,0.0,0.0,132.8170968,9.331,B,120653,False,False,False,False,42,10,2010
2010-10-22,18,4,26152.54,False,47.12,2.919,0.0,0.0,0.0,0.0,0.0,132.8170968,9.331,B,120653,False,False,False,False,42,10,2010
2010-10-22,18,5,21631.32,False,47.12,2.919,0.0,0.0,0.0,0.0,0.0,132.8170968,9.331,B,120653,False,False,False,False,42,10,2010
2010-10-22,18,6,4971.07,False,47.12,2.919,0.0,0.0,0.0,0.0,0.0,132.8170968,9.331,B,120653,False,False,False,False,42,10,2010
2010-10-22,18,7,22324.38,False,47.12,2.919,0.0,0.0,0.0,0.0,0.0,132.8170968,9.331,B,120653,False,False,False,False,42,10,2010
2010-10-22,18,8,35901.38,False,47.12,2.919,0.0,0.0,0.0,0.0,0.0,132.8170968,9.331,B,120653,False,False,False,False,42,10,2010
2010-10-22,18,9,12397.32,False,47.12,2.919,0.0,0.0,0.0,0.0,0.0,132.8170968,9.331,B,120653,False,False,False,False,42,10,2010
2010-10-29,18,1,51223.45,False,55.85,2.938,0.0,0.0,0.0,0.0,0.0,132.8708387,9.331,B,120653,False,False,False,False,43,10,2010
2010-10-29,18,2,61442.11,False,55.85,2.938,0.0,0.0,0.0,0.0,0.0,132.8708387,9.331,B,120653,False,False,False,False,43,10,2010
2010-10-29,18,3,11219.34,False,55.85,2.938,0.0,0.0,0.0,0.0,0.0,132.8708387,9.331,B,120653,False,False,False,False,43,10,2010
2010-10-29,18,4,24791.35,False,55.85,2.938,0.0,0.0,0.0,0.0,0.0,132.8708387,9.331,B,120653,False,False,False,False,43,10,2010
2010-10-29,18,5,19185.91,False,55.85,2.938,0.0,0.0,0.0,0.0,0.0,132.8708387,9.331,B,120653,False,False,False,False,43,10,2010
2010-10-29,18,6,4614.97,False,55.85,2.938,0.0,0.0,0.0,0.0,0.0,132.8708387,9.331,B,120653,False,False,False,False,43,10,2010
2010-10-29,18,7,20602.2,False,55.85,2.938,0.0,0.0,0.0,0.0,0.0,132.8708387,9.331,B,120653,False,False,False,False,43,10,2010
2010-10-29,18,8,36696.55,False,55.85,2.938,0.0,0.0,0.0,0.0,0.0,132.8708387,9.331,B,120653,False,False,False,False,43,10,2010
2010-10-29,18,9,11345.6,False,55.85,2.938,0.0,0.0,0.0,0.0,0.0,132.8708387,9.331,B,120653,False,False,False,False,43,10,2010
2010-11-05,18,1,37585.01,False,42.05,2.938,0.0,0.0,0.0,0.0,0.0,132.9245806,9.331,B,120653,False,False,False,False,44,11,2010
2010-11-05,18,2,63277.32,False,42.05,2.938,0.0,0.0,0.0,0.0,0.0,132.9245806,9.331,B,120653,False,False,False,False,44,11,2010
2010-11-05,18,3,10815.72,False,42.05,2.938,0.0,0.0,0.0,0.0,0.0,132.9245806,9.331,B,120653,False,False,False,False,44,11,2010
2010-11-05,18,4,28304.35,False,42.05,2.938,0.0,0.0,0.0,0.0,0.0,132.9245806,9.331,B,120653,False,False,False,False,44,11,2010
2010-11-05,18,5,21512.5,False,42.05,2.938,0.0,0.0,0.0,0.0,0.0,132.9245806,9.331,B,120653,False,False,False,False,44,11,2010
2010-11-05,18,6,6713.79,False,42.05,2.938,0.0,0.0,0.0,0.0,0.0,132.9245806,9.331,B,120653,False,False,False,False,44,11,2010
2010-11-05,18,7,24460.89,False,42.05,2.938,0.0,0.0,0.0,0.0,0.0,132.9245806,9.331,B,120653,False,False,False,False,44,11,2010
2010-11-05,18,8,34612.8,False,42.05,2.938,0.0,0.0,0.0,0.0,0.0,132.9245806,9.331,B,120653,False,False,False,False,44,11,2010
2010-11-05,18,9,12424.47,False,42.05,2.938,0.0,0.0,0.0,0.0,0.0,132.9245806,9.331,B,120653,False,False,False,False,44,11,2010
2010-11-12,18,1,16081.95,False,43.17,2.961,0.0,0.0,0.0,0.0,0.0,132.9783226,9.331,B,120653,False,False,False,False,45,11,2010
2010-11-12,18,2,60417.04,False,43.17,2.961,0.0,0.0,0.0,0.0,0.0,132.9783226,9.331,B,120653,False,False,False,False,45,11,2010
2010-11-12,18,3,11009.66,False,43.17,2.961,0.0,0.0,0.0,0.0,0.0,132.9783226,9.331,B,120653,False,False,False,False,45,11,2010
2010-11-12,18,4,27303.98,False,43.17,2.961,0.0,0.0,0.0,0.0,0.0,132.9783226,9.331,B,120653,False,False,False,False,45,11,2010
2010-11-12,18,5,29446.0,False,43.17,2.961,0.0,0.0,0.0,0.0,0.0,132.9783226,9.331,B,120653,False,False,False,False,45,11,2010
2010-11-12,18,6,2702.25,False,43.17,2.961,0.0,0.0,0.0,0.0,0.0,132.9783226,9.331,B,120653,False,False,False,False,45,11,2010
2010-11-12,18,7,33907.73,False,43.17,2.961,0.0,0.0,0.0,0.0,0.0,132.9783226,9.331,B,120653,False,False,False,False,45,11,2010
2010-11-12,18,8,36016.23,False,43.17,2.961,0.0,0.0,0.0,0.0,0.0,132.9783226,9.331,B,120653,False,False,False,False,45,11,2010
2010-11-12,18,9,10300.85,False,43.17,2.961,0.0,0.0,0.0,0.0,0.0,132.9783226,9.331,B,120653,False,False,False,False,45,11,2010
2010-11-19,18,1,18258.29,False,45.26,3.03,0.0,0.0,0.0,0.0,0.0,132.9172,9.331,B,120653,False,False,False,False,46,11,2010
2010-11-19,18,2,61228.13,False,45.26,3.03,0.0,0.0,0.0,0.0,0.0,132.9172,9.331,B,120653,False,False,False,False,46,11,2010
2010-11-19,18,3,11329.65,False,45.26,3.03,0.0,0.0,0.0,0.0,0.0,132.9172,9.331,B,120653,False,False,False,False,46,11,2010
2010-11-19,18,4,25727.34,False,45.26,3.03,0.0,0.0,0.0,0.0,0.0,132.9172,9.331,B,120653,False,False,False,False,46,11,2010
2010-11-19,18,5,27532.28,False,45.26,3.03,0.0,0.0,0.0,0.0,0.0,132.9172,9.331,B,120653,False,False,False,False,46,11,2010
2010-11-19,18,6,3631.13,False,45.26,3.03,0.0,0.0,0.0,0.0,0.0,132.9172,9.331,B,120653,False,False,False,False,46,11,2010
2010-11-19,18,7,35737.26,False,45.26,3.03,0.0,0.0,0.0,0.0,0.0,132.9172,9.331,B,120653,False,False,False,False,46,11,2010
2010-11-19,18,8,35390.26,False,45.26,3.03,0.0,0.0,0.0,0.0,0.0,132.9172,9.331,B,120653,False,False,False,False,46,11,2010
2010-11-19,18,9,9840.39,False,45.26,3.03,0.0,0.0,0.0,0.0,0.0,132.9172,9.331,B,120653,False,False,False,False,46,11,2010
2010-11-26,18,1,19327.06,True,40.81,3.07,0.0,0.0,0.0,0.0,0.0,132.8369333,9.331,B,120653,False,False,True,False,47,11,2010
2010-11-26,18,2,60587.71,True,40.81,3.07,0.0,0.0,0.0,0.0,0.0,132.8369333,9.331,B,120653,False,False,True,False,47,11,2010
2010-11-26,18,3,17639.8,True,40.81,3.07,0.0,0.0,0.0,0.0,0.0,132.8369333,9.331,B,120653,False,False,True,False,47,11,2010
2010-11-26,18,4,26123.19,True,40.81,3.07,0.0,0.0,0.0,0.0,0.0,132.8369333,9.331,B,120653,False,False,True,False,47,11,2010
2010-11-26,18,5,92817.62,True,40.81,3.07,0.0,0.0,0.0,0.0,0.0,132.8369333,9.331,B,120653,False,False,True,False,47,11,2010
2010-11-26,18,6,29272.79,True,40.81,3.07,0.0,0.0,0.0,0.0,0.0,132.8369333,9.331,B,120653,False,False,True,False,47,11,2010
2010-11-26,18,7,115974.68,True,40.81,3.07,0.0,0.0,0.0,0.0,0.0,132.8369333,9.331,B,120653,False,False,True,False,47,11,2010
2010-11-26,18,8,30617.84,True,40.81,3.07,0.0,0.0,0.0,0.0,0.0,132.8369333,9.331,B,120653,False,False,True,False,47,11,2010
2010-11-26,18,9,17416.67,True,40.81,3.07,0.0,0.0,0.0,0.0,0.0,132.8369333,9.331,B,120653,False,False,True,False,47,11,2010
2010-12-03,18,1,27596.87,False,37.09,3.065,0.0,0.0,0.0,0.0,0.0,132.7566667,9.331,B,120653,False,False,False,False,48,12,2010
2010-12-03,18,2,63657.39,False,37.09,3.065,0.0,0.0,0.0,0.0,0.0,132.7566667,9.331,B,120653,False,False,False,False,48,12,2010
2010-12-03,18,3,14382.13,False,37.09,3.065,0.0,0.0,0.0,0.0,0.0,132.7566667,9.331,B,120653,False,False,False,False,48,12,2010
2010-12-03,18,4,25803.72,False,37.09,3.065,0.0,0.0,0.0,0.0,0.0,132.7566667,9.331,B,120653,False,False,False,False,48,12,2010
2010-12-03,18,5,36921.8,False,37.09,3.065,0.0,0.0,0.0,0.0,0.0,132.7566667,9.331,B,120653,False,False,False,False,48,12,2010
2010-12-03,18,6,6140.98,False,37.09,3.065,0.0,0.0,0.0,0.0,0.0,132.7566667,9.331,B,120653,False,False,False,False,48,12,2010
2010-12-03,18,7,65341.88,False,37.09,3.065,0.0,0.0,0.0,0.0,0.0,132.7566667,9.331,B,120653,False,False,False,False,48,12,2010
2010-12-03,18,8,33050.77,False,37.09,3.065,0.0,0.0,0.0,0.0,0.0,132.7566667,9.331,B,120653,False,False,False,False,48,12,2010
2010-12-03,18,9,14350.47,False,37.09,3.065,0.0,0.0,0.0,0.0,0.0,132.7566667,9.331,B,120653,False,False,False,False,48,12,2010
2010-12-10,18,1,42139.08,False,25.64,3.132,0.0,0.0,0.0,0.0,0.0,132.6764,9.331,B,120653,False,False,False,False,49,12,2010
2010-12-10,18,2,72326.46,False,25.64,3.132,0.0,0.0,0.0,0.0,0.0,132.6764,9.331,B,120653,False,False,False,False,49,12,2010
2010-12-10,18,3,16276.09,False,25.64,3.132,0.0,0.0,0.0,0.0,0.0,132.6764,9.331,B,120653,False,False,False,False,49,12,2010
2010-12-10,18,4,27234.09,False,25.64,3.132,0.0,0.0,0.0,0.0,0.0,132.6764,9.331,B,120653,False,False,False,False,49,12,2010
2010-12-10,18,5,58493.14,False,25.64,3.132,0.0,0.0,0.0,0.0,0.0,132.6764,9.331,B,120653,False,False,False,False,49,12,2010
2010-12-10,18,6,10402.11,False,25.64,3.132,0.0,0.0,0.0,0.0,0.0,132.6764,9.331,B,120653,False,False,False,False,49,12,2010
2010-12-10,18,7,96195.95,False,25.64,3.132,0.0,0.0,0.0,0.0,0.0,132.6764,9.331,B,120653,False,False,False,False,49,12,2010
2010-12-10,18,8,37694.98,False,25.64,3.132,0.0,0.0,0.0,0.0,0.0,132.6764,9.331,B,120653,False,False,False,False,49,12,2010
2010-12-10,18,9,13803.22,False,25.64,3.132,0.0,0.0,0.0,0.0,0.0,132.6764,9.331,B,120653,False,False,False,False,49,12,2010
2010-12-17,18,1,59117.52,False,27.4,3.139,0.0,0.0,0.0,0.0,0.0,132.6804516,9.331,B,120653,False,False,False,False,50,12,2010
2010-12-17,18,2,78755.72,False,27.4,3.139,0.0,0.0,0.0,0.0,0.0,132.6804516,9.331,B,120653,False,False,False,False,50,12,2010
2010-12-17,18,3,19197.44,False,27.4,3.139,0.0,0.0,0.0,0.0,0.0,132.6804516,9.331,B,120653,False,False,False,False,50,12,2010
2010-12-17,18,4,27005.9,False,27.4,3.139,0.0,0.0,0.0,0.0,0.0,132.6804516,9.331,B,120653,False,False,False,False,50,12,2010
2010-12-17,18,5,83462.46,False,27.4,3.139,0.0,0.0,0.0,0.0,0.0,132.6804516,9.331,B,120653,False,False,False,False,50,12,2010
2010-12-17,18,6,13207.13,False,27.4,3.139,0.0,0.0,0.0,0.0,0.0,132.6804516,9.331,B,120653,False,False,False,False,50,12,2010
2010-12-17,18,7,134591.27,False,27.4,3.139,0.0,0.0,0.0,0.0,0.0,132.6804516,9.331,B,120653,False,False,False,False,50,12,2010
2010-12-17,18,8,39998.39,False,27.4,3.139,0.0,0.0,0.0,0.0,0.0,132.6804516,9.331,B,120653,False,False,False,False,50,12,2010
2010-12-17,18,9,18605.01,False,27.4,3.139,0.0,0.0,0.0,0.0,0.0,132.6804516,9.331,B,120653,False,False,False,False,50,12,2010
2010-12-24,18,1,65962.07,False,28.16,3.15,0.0,0.0,0.0,0.0,0.0,132.7477419,9.331,B,120653,False,False,False,False,51,12,2010
2010-12-24,18,2,92346.74,False,28.16,3.15,0.0,0.0,0.0,0.0,0.0,132.7477419,9.331,B,120653,False,False,False,False,51,12,2010
2010-12-24,18,3,23768.49,False,28.16,3.15,0.0,0.0,0.0,0.0,0.0,132.7477419,9.331,B,120653,False,False,False,False,51,12,2010
2010-12-24,18,4,29485.56,False,28.16,3.15,0.0,0.0,0.0,0.0,0.0,132.7477419,9.331,B,120653,False,False,False,False,51,12,2010
2010-12-24,18,5,106452.74,False,28.16,3.15,0.0,0.0,0.0,0.0,0.0,132.7477419,9.331,B,120653,False,False,False,False,51,12,2010
2010-12-24,18,6,35059.65,False,28.16,3.15,0.0,0.0,0.0,0.0,0.0,132.7477419,9.331,B,120653,False,False,False,False,51,12,2010
2010-12-24,18,7,202655.12,False,28.16,3.15,0.0,0.0,0.0,0.0,0.0,132.7477419,9.331,B,120653,False,False,False,False,51,12,2010
2010-12-24,18,8,46070.05,False,28.16,3.15,0.0,0.0,0.0,0.0,0.0,132.7477419,9.331,B,120653,False,False,False,False,51,12,2010
2010-12-24,18,9,28745.57,False,28.16,3.15,0.0,0.0,0.0,0.0,0.0,132.7477419,9.331,B,120653,False,False,False,False,51,12,2010
2010-12-31,18,1,14519.47,True,26.1,3.177,0.0,0.0,0.0,0.0,0.0,132.8150323,9.331,B,120653,False,False,False,True,52,12,2010
2010-12-31,18,2,50952.07,True,26.1,3.177,0.0,0.0,0.0,0.0,0.0,132.8150323,9.331,B,120653,False,False,False,True,52,12,2010
2010-12-31,18,3,9595.45,True,26.1,3.177,0.0,0.0,0.0,0.0,0.0,132.8150323,9.331,B,120653,False,False,False,True,52,12,2010
2010-12-31,18,4,24416.81,True,26.1,3.177,0.0,0.0,0.0,0.0,0.0,132.8150323,9.331,B,120653,False,False,False,True,52,12,2010
2010-12-31,18,5,28765.99,True,26.1,3.177,0.0,0.0,0.0,0.0,0.0,132.8150323,9.331,B,120653,False,False,False,True,52,12,2010
2010-12-31,18,6,4314.08,True,26.1,3.177,0.0,0.0,0.0,0.0,0.0,132.8150323,9.331,B,120653,False,False,False,True,52,12,2010
2010-12-31,18,7,16767.54,True,26.1,3.177,0.0,0.0,0.0,0.0,0.0,132.8150323,9.331,B,120653,False,False,False,True,52,12,2010
2010-12-31,18,8,28376.31,True,26.1,3.177,0.0,0.0,0.0,0.0,0.0,132.8150323,9.331,B,120653,False,False,False,True,52,12,2010
2010-12-31,18,9,9443.71,True,26.1,3.177,0.0,0.0,0.0,0.0,0.0,132.8150323,9.331,B,120653,False,False,False,True,52,12,2010
2011-01-07,18,1,11258.34,False,30.1,3.193,0.0,0.0,0.0,0.0,0.0,132.8823226,9.131,B,120653,False,False,False,False,1,1,2011
2011-01-07,18,2,60791.43,False,30.1,3.193,0.0,0.0,0.0,0.0,0.0,132.8823226,9.131,B,120653,False,False,False,False,1,1,2011
2011-01-07,18,3,15230.47,False,30.1,3.193,0.0,0.0,0.0,0.0,0.0,132.8823226,9.131,B,120653,False,False,False,False,1,1,2011
2011-01-07,18,4,27402.73,False,30.1,3.193,0.0,0.0,0.0,0.0,0.0,132.8823226,9.131,B,120653,False,False,False,False,1,1,2011
2011-01-07,18,5,17024.1,False,30.1,3.193,0.0,0.0,0.0,0.0,0.0,132.8823226,9.131,B,120653,False,False,False,False,1,1,2011
2011-01-07,18,6,3922.07,False,30.1,3.193,0.0,0.0,0.0,0.0,0.0,132.8823226,9.131,B,120653,False,False,False,False,1,1,2011
2011-01-07,18,7,12620.78,False,30.1,3.193,0.0,0.0,0.0,0.0,0.0,132.8823226,9.131,B,120653,False,False,False,False,1,1,2011
2011-01-07,18,8,31494.54,False,30.1,3.193,0.0,0.0,0.0,0.0,0.0,132.8823226,9.131,B,120653,False,False,False,False,1,1,2011
2011-01-07,18,9,9822.38,False,30.1,3.193,0.0,0.0,0.0,0.0,0.0,132.8823226,9.131,B,120653,False,False,False,False,1,1,2011
2011-01-14,18,1,10836.71,False,22.69,3.215,0.0,0.0,0.0,0.0,0.0,132.9510645,9.131,B,120653,False,False,False,False,2,1,2011
2011-01-14,18,2,51465.36,False,22.69,3.215,0.0,0.0,0.0,0.0,0.0,132.9510645,9.131,B,120653,False,False,False,False,2,1,2011
2011-01-14,18,3,12370.71,False,22.69,3.215,0.0,0.0,0.0,0.0,0.0,132.9510645,9.131,B,120653,False,False,False,False,2,1,2011
2011-01-14,18,4,22411.49,False,22.69,3.215,0.0,0.0,0.0,0.0,0.0,132.9510645,9.131,B,120653,False,False,False,False,2,1,2011
2011-01-14,18,5,17939.01,False,22.69,3.215,0.0,0.0,0.0,0.0,0.0,132.9510645,9.131,B,120653,False,False,False,False,2,1,2011
2011-01-14,18,6,2357.09,False,22.69,3.215,0.0,0.0,0.0,0.0,0.0,132.9510645,9.131,B,120653,False,False,False,False,2,1,2011
2011-01-14,18,7,9425.9,False,22.69,3.215,0.0,0.0,0.0,0.0,0.0,132.9510645,9.131,B,120653,False,False,False,False,2,1,2011
2011-01-14,18,8,28091.79,False,22.69,3.215,0.0,0.0,0.0,0.0,0.0,132.9510645,9.131,B,120653,False,False,False,False,2,1,2011
2011-01-14,18,9,7637.45,False,22.69,3.215,0.0,0.0,0.0,0.0,0.0,132.9510645,9.131,B,120653,False,False,False,False,2,1,2011
2011-01-21,18,1,13769.74,False,22.55,3.232,0.0,0.0,0.0,0.0,0.0,133.0285161,9.131,B,120653,False,False,False,False,3,1,2011
2011-01-21,18,2,60014.72,False,22.55,3.232,0.0,0.0,0.0,0.0,0.0,133.0285161,9.131,B,120653,False,False,False,False,3,1,2011
2011-01-21,18,3,16689.33,False,22.55,3.232,0.0,0.0,0.0,0.0,0.0,133.0285161,9.131,B,120653,False,False,False,False,3,1,2011
2011-01-21,18,4,25361.19,False,22.55,3.232,0.0,0.0,0.0,0.0,0.0,133.0285161,9.131,B,120653,False,False,False,False,3,1,2011
2011-01-21,18,5,17402.12,False,22.55,3.232,0.0,0.0,0.0,0.0,0.0,133.0285161,9.131,B,120653,False,False,False,False,3,1,2011
2011-01-21,18,6,3513.29,False,22.55,3.232,0.0,0.0,0.0,0.0,0.0,133.0285161,9.131,B,120653,False,False,False,False,3,1,2011
2011-01-21,18,7,13137.32,False,22.55,3.232,0.0,0.0,0.0,0.0,0.0,133.0285161,9.131,B,120653,False,False,False,False,3,1,2011
2011-01-21,18,8,31841.77,False,22.55,3.232,0.0,0.0,0.0,0.0,0.0,133.0285161,9.131,B,120653,False,False,False,False,3,1,2011
2011-01-21,18,9,9677.96,False,22.55,3.232,0.0,0.0,0.0,0.0,0.0,133.0285161,9.131,B,120653,False,False,False,False,3,1,2011
2011-01-28,18,1,14246.63,False,14.84,3.243,0.0,0.0,0.0,0.0,0.0,133.1059677,9.131,B,120653,False,False,False,False,4,1,2011
2011-01-28,18,2,51478.94,False,14.84,3.243,0.0,0.0,0.0,0.0,0.0,133.1059677,9.131,B,120653,False,False,False,False,4,1,2011
2011-01-28,18,3,13572.38,False,14.84,3.243,0.0,0.0,0.0,0.0,0.0,133.1059677,9.131,B,120653,False,False,False,False,4,1,2011
2011-01-28,18,4,21867.53,False,14.84,3.243,0.0,0.0,0.0,0.0,0.0,133.1059677,9.131,B,120653,False,False,False,False,4,1,2011
2011-01-28,18,5,18209.98,False,14.84,3.243,0.0,0.0,0.0,0.0,0.0,133.1059677,9.131,B,120653,False,False,False,False,4,1,2011
2011-01-28,18,6,5396.91,False,14.84,3.243,0.0,0.0,0.0,0.0,0.0,133.1059677,9.131,B,120653,False,False,False,False,4,1,2011
2011-01-28,18,7,11169.75,False,14.84,3.243,0.0,0.0,0.0,0.0,0.0,133.1059677,9.131,B,120653,False,False,False,False,4,1,2011
2011-01-28,18,8,31001.57,False,14.84,3.243,0.0,0.0,0.0,0.0,0.0,133.1059677,9.131,B,120653,False,False,False,False,4,1,2011
2011-01-28,18,9,8823.92,False,14.84,3.243,0.0,0.0,0.0,0.0,0.0,133.1059677,9.131,B,120653,False,False,False,False,4,1,2011
2011-02-04,18,1,19052.97,False,20.79,3.24,0.0,0.0,0.0,0.0,0.0,133.1834194,9.131,B,120653,False,False,False,False,5,2,2011
2011-02-04,18,2,64131.39,False,20.79,3.24,0.0,0.0,0.0,0.0,0.0,133.1834194,9.131,B,120653,False,False,False,False,5,2,2011
2011-02-04,18,3,13173.08,False,20.79,3.24,0.0,0.0,0.0,0.0,0.0,133.1834194,9.131,B,120653,False,False,False,False,5,2,2011
2011-02-04,18,4,26461.48,False,20.79,3.24,0.0,0.0,0.0,0.0,0.0,133.1834194,9.131,B,120653,False,False,False,False,5,2,2011
2011-02-04,18,5,27024.85,False,20.79,3.24,0.0,0.0,0.0,0.0,0.0,133.1834194,9.131,B,120653,False,False,False,False,5,2,2011
2011-02-04,18,6,4993.83,False,20.79,3.24,0.0,0.0,0.0,0.0,0.0,133.1834194,9.131,B,120653,False,False,False,False,5,2,2011
2011-02-04,18,7,16531.43,False,20.79,3.24,0.0,0.0,0.0,0.0,0.0,133.1834194,9.131,B,120653,False,False,False,False,5,2,2011
2011-02-04,18,8,35760.18,False,20.79,3.24,0.0,0.0,0.0,0.0,0.0,133.1834194,9.131,B,120653,False,False,False,False,5,2,2011
2011-02-04,18,9,10395.41,False,20.79,3.24,0.0,0.0,0.0,0.0,0.0,133.1834194,9.131,B,120653,False,False,False,False,5,2,2011
2011-02-11,18,1,32639.19,True,24.3,3.255,0.0,0.0,0.0,0.0,0.0,133.260871,9.131,B,120653,True,False,False,False,6,2,2011
2011-02-11,18,2,68362.43,True,24.3,3.255,0.0,0.0,0.0,0.0,0.0,133.260871,9.131,B,120653,True,False,False,False,6,2,2011
2011-02-11,18,3,14007.89,True,24.3,3.255,0.0,0.0,0.0,0.0,0.0,133.260871,9.131,B,120653,True,False,False,False,6,2,2011
2011-02-11,18,4,25523.13,True,24.3,3.255,0.0,0.0,0.0,0.0,0.0,133.260871,9.131,B,120653,True,False,False,False,6,2,2011
2011-02-11,18,5,26575.99,True,24.3,3.255,0.0,0.0,0.0,0.0,0.0,133.260871,9.131,B,120653,True,False,False,False,6,2,2011
2011-02-11,18,6,5328.97,True,24.3,3.255,0.0,0.0,0.0,0.0,0.0,133.260871,9.131,B,120653,True,False,False,False,6,2,2011
2011-02-11,18,7,19690.89,True,24.3,3.255,0.0,0.0,0.0,0.0,0.0,133.260871,9.131,B,120653,True,False,False,False,6,2,2011
2011-02-11,18,8,34079.21,True,24.3,3.255,0.0,0.0,0.0,0.0,0.0,133.260871,9.131,B,120653,True,False,False,False,6,2,2011
2011-02-11,18,9,12107.49,True,24.3,3.255,0.0,0.0,0.0,0.0,0.0,133.260871,9.131,B,120653,True,False,False,False,6,2,2011
2011-02-18,18,1,36967.91,False,31.59,3.263,0.0,0.0,0.0,0.0,0.0,133.3701429,9.131,B,120653,False,False,False,False,7,2,2011
2011-02-18,18,2,64718.28,False,31.59,3.263,0.0,0.0,0.0,0.0,0.0,133.3701429,9.131,B,120653,False,False,False,False,7,2,2011
2011-02-18,18,3,12246.41,False,31.59,3.263,0.0,0.0,0.0,0.0,0.0,133.3701429,9.131,B,120653,False,False,False,False,7,2,2011
2011-02-18,18,4,25576.24,False,31.59,3.263,0.0,0.0,0.0,0.0,0.0,133.3701429,9.131,B,120653,False,False,False,False,7,2,2011
2011-02-18,18,5,23776.33,False,31.59,3.263,0.0,0.0,0.0,0.0,0.0,133.3701429,9.131,B,120653,False,False,False,False,7,2,2011
2011-02-18,18,6,3858.86,False,31.59,3.263,0.0,0.0,0.0,0.0,0.0,133.3701429,9.131,B,120653,False,False,False,False,7,2,2011
2011-02-18,18,7,18401.16,False,31.59,3.263,0.0,0.0,0.0,0.0,0.0,133.3701429,9.131,B,120653,False,False,False,False,7,2,2011
2011-02-18,18,8,33135.18,False,31.59,3.263,0.0,0.0,0.0,0.0,0.0,133.3701429,9.131,B,120653,False,False,False,False,7,2,2011
2011-02-18,18,9,10891.49,False,31.59,3.263,0.0,0.0,0.0,0.0,0.0,133.3701429,9.131,B,120653,False,False,False,False,7,2,2011
2011-02-25,18,1,14607.72,False,26.15,3.281,0.0,0.0,0.0,0.0,0.0,133.4921429,9.131,B,120653,False,False,False,False,8,2,2011
2011-02-25,18,2,61381.88,False,26.15,3.281,0.0,0.0,0.0,0.0,0.0,133.4921429,9.131,B,120653,False,False,False,False,8,2,2011
2011-02-25,18,3,10857.0,False,26.15,3.281,0.0,0.0,0.0,0.0,0.0,133.4921429,9.131,B,120653,False,False,False,False,8,2,2011
2011-02-25,18,4,24463.66,False,26.15,3.281,0.0,0.0,0.0,0.0,0.0,133.4921429,9.131,B,120653,False,False,False,False,8,2,2011
2011-02-25,18,5,20304.28,False,26.15,3.281,0.0,0.0,0.0,0.0,0.0,133.4921429,9.131,B,120653,False,False,False,False,8,2,2011
2011-02-25,18,6,4931.28,False,26.15,3.281,0.0,0.0,0.0,0.0,0.0,133.4921429,9.131,B,120653,False,False,False,False,8,2,2011
2011-02-25,18,7,16857.0,False,26.15,3.281,0.0,0.0,0.0,0.0,0.0,133.4921429,9.131,B,120653,False,False,False,False,8,2,2011
2011-02-25,18,8,33797.12,False,26.15,3.281,0.0,0.0,0.0,0.0,0.0,133.4921429,9.131,B,120653,False,False,False,False,8,2,2011
2011-02-25,18,9,12741.62,False,26.15,3.281,0.0,0.0,0.0,0.0,0.0,133.4921429,9.131,B,120653,False,False,False,False,8,2,2011
2011-03-04,18,1,16434.97,False,28.49,3.437,0.0,0.0,0.0,0.0,0.0,133.6141429,9.131,B,120653,False,False,False,False,9,3,2011
2011-03-04,18,2,67877.05,False,28.49,3.437,0.0,0.0,0.0,0.0,0.0,133.6141429,9.131,B,120653,False,False,False,False,9,3,2011
2011-03-04,18,3,11736.26,False,28.49,3.437,0.0,0.0,0.0,0.0,0.0,133.6141429,9.131,B,120653,False,False,False,False,9,3,2011
2011-03-04,18,4,26828.87,False,28.49,3.437,0.0,0.0,0.0,0.0,0.0,133.6141429,9.131,B,120653,False,False,False,False,9,3,2011
2011-03-04,18,5,25656.77,False,28.49,3.437,0.0,0.0,0.0,0.0,0.0,133.6141429,9.131,B,120653,False,False,False,False,9,3,2011
2011-03-04,18,6,4379.79,False,28.49,3.437,0.0,0.0,0.0,0.0,0.0,133.6141429,9.131,B,120653,False,False,False,False,9,3,2011
2011-03-04,18,7,16986.65,False,28.49,3.437,0.0,0.0,0.0,0.0,0.0,133.6141429,9.131,B,120653,False,False,False,False,9,3,2011
2011-03-04,18,8,32277.84,False,28.49,3.437,0.0,0.0,0.0,0.0,0.0,133.6141429,9.131,B,120653,False,False,False,False,9,3,2011
2011-03-04,18,9,10527.18,False,28.49,3.437,0.0,0.0,0.0,0.0,0.0,133.6141429,9.131,B,120653,False,False,False,False,9,3,2011
2011-03-11,18,1,18299.55,False,38.4,3.6,0.0,0.0,0.0,0.0,0.0,133.7361429,9.131,B,120653,False,False,False,False,10,3,2011
2011-03-11,18,2,64003.74,False,38.4,3.6,0.0,0.0,0.0,0.0,0.0,133.7361429,9.131,B,120653,False,False,False,False,10,3,2011
2011-03-11,18,3,11015.42,False,38.4,3.6,0.0,0.0,0.0,0.0,0.0,133.7361429,9.131,B,120653,False,False,False,False,10,3,2011
2011-03-11,18,4,23821.78,False,38.4,3.6,0.0,0.0,0.0,0.0,0.0,133.7361429,9.131,B,120653,False,False,False,False,10,3,2011
2011-03-11,18,5,24116.01,False,38.4,3.6,0.0,0.0,0.0,0.0,0.0,133.7361429,9.131,B,120653,False,False,False,False,10,3,2011
2011-03-11,18,6,5409.77,False,38.4,3.6,0.0,0.0,0.0,0.0,0.0,133.7361429,9.131,B,120653,False,False,False,False,10,3,2011
2011-03-11,18,7,18709.23,False,38.4,3.6,0.0,0.0,0.0,0.0,0.0,133.7361429,9.131,B,120653,False,False,False,False,10,3,2011
2011-03-11,18,8,31637.2,False,38.4,3.6,0.0,0.0,0.0,0.0,0.0,133.7361429,9.131,B,120653,False,False,False,False,10,3,2011
2011-03-11,18,9,12089.77,False,38.4,3.6,0.0,0.0,0.0,0.0,0.0,133.7361429,9.131,B,120653,False,False,False,False,10,3,2011
2011-03-18,18,1,17197.32,False,41.12,3.634,0.0,0.0,0.0,0.0,0.0,133.8492258,9.131,B,120653,False,False,False,False,11,3,2011
2011-03-18,18,2,60280.66,False,41.12,3.634,0.0,0.0,0.0,0.0,0.0,133.8492258,9.131,B,120653,False,False,False,False,11,3,2011
2011-03-18,18,3,9175.04,False,41.12,3.634,0.0,0.0,0.0,0.0,0.0,133.8492258,9.131,B,120653,False,False,False,False,11,3,2011
2011-03-18,18,4,25755.48,False,41.12,3.634,0.0,0.0,0.0,0.0,0.0,133.8492258,9.131,B,120653,False,False,False,False,11,3,2011
2011-03-18,18,5,18170.67,False,41.12,3.634,0.0,0.0,0.0,0.0,0.0,133.8492258,9.131,B,120653,False,False,False,False,11,3,2011
2011-03-18,18,6,4870.6,False,41.12,3.634,0.0,0.0,0.0,0.0,0.0,133.8492258,9.131,B,120653,False,False,False,False,11,3,2011
2011-03-18,18,7,20498.15,False,41.12,3.634,0.0,0.0,0.0,0.0,0.0,133.8492258,9.131,B,120653,False,False,False,False,11,3,2011
2011-03-18,18,8,31140.68,False,41.12,3.634,0.0,0.0,0.0,0.0,0.0,133.8492258,9.131,B,120653,False,False,False,False,11,3,2011
2011-03-18,18,9,14334.22,False,41.12,3.634,0.0,0.0,0.0,0.0,0.0,133.8492258,9.131,B,120653,False,False,False,False,11,3,2011
2011-03-25,18,1,18370.3,False,36.65,3.624,0.0,0.0,0.0,0.0,0.0,133.9587419,9.131,B,120653,False,False,False,False,12,3,2011
2011-03-25,18,2,59830.32,False,36.65,3.624,0.0,0.0,0.0,0.0,0.0,133.9587419,9.131,B,120653,False,False,False,False,12,3,2011
2011-03-25,18,3,9737.4,False,36.65,3.624,0.0,0.0,0.0,0.0,0.0,133.9587419,9.131,B,120653,False,False,False,False,12,3,2011
2011-03-25,18,4,24874.55,False,36.65,3.624,0.0,0.0,0.0,0.0,0.0,133.9587419,9.131,B,120653,False,False,False,False,12,3,2011
2011-03-25,18,5,17427.61,False,36.65,3.624,0.0,0.0,0.0,0.0,0.0,133.9587419,9.131,B,120653,False,False,False,False,12,3,2011
2011-03-25,18,6,5458.85,False,36.65,3.624,0.0,0.0,0.0,0.0,0.0,133.9587419,9.131,B,120653,False,False,False,False,12,3,2011
2011-03-25,18,7,23536.63,False,36.65,3.624,0.0,0.0,0.0,0.0,0.0,133.9587419,9.131,B,120653,False,False,False,False,12,3,2011
2011-03-25,18,8,31038.89,False,36.65,3.624,0.0,0.0,0.0,0.0,0.0,133.9587419,9.131,B,120653,False,False,False,False,12,3,2011
2011-03-25,18,9,15769.97,False,36.65,3.624,0.0,0.0,0.0,0.0,0.0,133.9587419,9.131,B,120653,False,False,False,False,12,3,2011
2011-04-01,18,1,19429.11,False,35.06,3.638,0.0,0.0,0.0,0.0,0.0,134.0682581,8.975,B,120653,False,False,False,False,13,4,2011
2011-04-01,18,2,59632.53,False,35.06,3.638,0.0,0.0,0.0,0.0,0.0,134.0682581,8.975,B,120653,False,False,False,False,13,4,2011
2011-04-01,18,3,10242.79,False,35.06,3.638,0.0,0.0,0.0,0.0,0.0,134.0682581,8.975,B,120653,False,False,False,False,13,4,2011
2011-04-01,18,4,25790.82,False,35.06,3.638,0.0,0.0,0.0,0.0,0.0,134.0682581,8.975,B,120653,False,False,False,False,13,4,2011
2011-04-01,18,5,19643.97,False,35.06,3.638,0.0,0.0,0.0,0.0,0.0,134.0682581,8.975,B,120653,False,False,False,False,13,4,2011
2011-04-01,18,6,3929.78,False,35.06,3.638,0.0,0.0,0.0,0.0,0.0,134.0682581,8.975,B,120653,False,False,False,False,13,4,2011
2011-04-01,18,7,22128.5,False,35.06,3.638,0.0,0.0,0.0,0.0,0.0,134.0682581,8.975,B,120653,False,False,False,False,13,4,2011
2011-04-01,18,8,30686.95,False,35.06,3.638,0.0,0.0,0.0,0.0,0.0,134.0682581,8.975,B,120653,False,False,False,False,13,4,2011
2011-04-01,18,9,15441.96,False,35.06,3.638,0.0,0.0,0.0,0.0,0.0,134.0682581,8.975,B,120653,False,False,False,False,13,4,2011
2011-04-08,18,1,27085.77,False,43.32,3.72,0.0,0.0,0.0,0.0,0.0,134.1777742,8.975,B,120653,False,False,False,False,14,4,2011
2011-04-08,18,2,61788.89,False,43.32,3.72,0.0,0.0,0.0,0.0,0.0,134.1777742,8.975,B,120653,False,False,False,False,14,4,2011
2011-04-08,18,3,11250.54,False,43.32,3.72,0.0,0.0,0.0,0.0,0.0,134.1777742,8.975,B,120653,False,False,False,False,14,4,2011
2011-04-08,18,4,25590.61,False,43.32,3.72,0.0,0.0,0.0,0.0,0.0,134.1777742,8.975,B,120653,False,False,False,False,14,4,2011
2011-04-08,18,5,20192.47,False,43.32,3.72,0.0,0.0,0.0,0.0,0.0,134.1777742,8.975,B,120653,False,False,False,False,14,4,2011
2011-04-08,18,6,6536.56,False,43.32,3.72,0.0,0.0,0.0,0.0,0.0,134.1777742,8.975,B,120653,False,False,False,False,14,4,2011
2011-04-08,18,7,27466.63,False,43.32,3.72,0.0,0.0,0.0,0.0,0.0,134.1777742,8.975,B,120653,False,False,False,False,14,4,2011
2011-04-08,18,8,31655.48,False,43.32,3.72,0.0,0.0,0.0,0.0,0.0,134.1777742,8.975,B,120653,False,False,False,False,14,4,2011
2011-04-08,18,9,18891.24,False,43.32,3.72,0.0,0.0,0.0,0.0,0.0,134.1777742,8.975,B,120653,False,False,False,False,14,4,2011
2011-04-15,18,1,33816.96,False,49.91,3.823,0.0,0.0,0.0,0.0,0.0,134.2784667,8.975,B,120653,False,False,False,False,15,4,2011
2011-04-15,18,2,57705.79,False,49.91,3.823,0.0,0.0,0.0,0.0,0.0,134.2784667,8.975,B,120653,False,False,False,False,15,4,2011
2011-04-15,18,3,9880.8,False,49.91,3.823,0.0,0.0,0.0,0.0,0.0,134.2784667,8.975,B,120653,False,False,False,False,15,4,2011
2011-04-15,18,4,22958.95,False,49.91,3.823,0.0,0.0,0.0,0.0,0.0,134.2784667,8.975,B,120653,False,False,False,False,15,4,2011
2011-04-15,18,5,20855.08,False,49.91,3.823,0.0,0.0,0.0,0.0,0.0,134.2784667,8.975,B,120653,False,False,False,False,15,4,2011
2011-04-15,18,6,3852.12,False,49.91,3.823,0.0,0.0,0.0,0.0,0.0,134.2784667,8.975,B,120653,False,False,False,False,15,4,2011
2011-04-15,18,7,25107.66,False,49.91,3.823,0.0,0.0,0.0,0.0,0.0,134.2784667,8.975,B,120653,False,False,False,False,15,4,2011
2011-04-15,18,8,30818.93,False,49.91,3.823,0.0,0.0,0.0,0.0,0.0,134.2784667,8.975,B,120653,False,False,False,False,15,4,2011
2011-04-15,18,9,21205.84,False,49.91,3.823,0.0,0.0,0.0,0.0,0.0,134.2784667,8.975,B,120653,False,False,False,False,15,4,2011
2011-04-22,18,1,74571.2,False,45.99,3.919,0.0,0.0,0.0,0.0,0.0,134.3571,8.975,B,120653,False,False,False,False,16,4,2011
2011-04-22,18,2,59986.73,False,45.99,3.919,0.0,0.0,0.0,0.0,0.0,134.3571,8.975,B,120653,False,False,False,False,16,4,2011
2011-04-22,18,3,11001.27,False,45.99,3.919,0.0,0.0,0.0,0.0,0.0,134.3571,8.975,B,120653,False,False,False,False,16,4,2011
2011-04-22,18,4,23814.48,False,45.99,3.919,0.0,0.0,0.0,0.0,0.0,134.3571,8.975,B,120653,False,False,False,False,16,4,2011
2011-04-22,18,5,25879.97,False,45.99,3.919,0.0,0.0,0.0,0.0,0.0,134.3571,8.975,B,120653,False,False,False,False,16,4,2011
2011-04-22,18,6,7111.89,False,45.99,3.919,0.0,0.0,0.0,0.0,0.0,134.3571,8.975,B,120653,False,False,False,False,16,4,2011
2011-04-22,18,7,42855.01,False,45.99,3.919,0.0,0.0,0.0,0.0,0.0,134.3571,8.975,B,120653,False,False,False,False,16,4,2011
2011-04-22,18,8,32382.17,False,45.99,3.919,0.0,0.0,0.0,0.0,0.0,134.3571,8.975,B,120653,False,False,False,False,16,4,2011
2011-04-22,18,9,23935.48,False,45.99,3.919,0.0,0.0,0.0,0.0,0.0,134.3571,8.975,B,120653,False,False,False,False,16,4,2011
2011-04-29,18,1,43876.08,False,58.82,3.988,0.0,0.0,0.0,0.0,0.0,134.4357333,8.975,B,120653,False,False,False,False,17,4,2011
2011-04-29,18,2,54055.43,False,58.82,3.988,0.0,0.0,0.0,0.0,0.0,134.4357333,8.975,B,120653,False,False,False,False,17,4,2011
2011-04-29,18,3,9310.51,False,58.82,3.988,0.0,0.0,0.0,0.0,0.0,134.4357333,8.975,B,120653,False,False,False,False,17,4,2011
2011-04-29,18,4,20943.69,False,58.82,3.988,0.0,0.0,0.0,0.0,0.0,134.4357333,8.975,B,120653,False,False,False,False,17,4,2011
2011-04-29,18,5,18642.14,False,58.82,3.988,0.0,0.0,0.0,0.0,0.0,134.4357333,8.975,B,120653,False,False,False,False,17,4,2011
2011-04-29,18,6,4689.33,False,58.82,3.988,0.0,0.0,0.0,0.0,0.0,134.4357333,8.975,B,120653,False,False,False,False,17,4,2011
2011-04-29,18,7,25371.33,False,58.82,3.988,0.0,0.0,0.0,0.0,0.0,134.4357333,8.975,B,120653,False,False,False,False,17,4,2011
2011-04-29,18,8,28290.22,False,58.82,3.988,0.0,0.0,0.0,0.0,0.0,134.4357333,8.975,B,120653,False,False,False,False,17,4,2011
2011-04-29,18,9,20053.05,False,58.82,3.988,0.0,0.0,0.0,0.0,0.0,134.4357333,8.975,B,120653,False,False,False,False,17,4,2011
2011-05-06,18,1,17843.66,False,54.17,4.078,0.0,0.0,0.0,0.0,0.0,134.5143667,8.975,B,120653,False,False,False,False,18,5,2011
2011-05-06,18,2,61487.85,False,54.17,4.078,0.0,0.0,0.0,0.0,0.0,134.5143667,8.975,B,120653,False,False,False,False,18,5,2011
2011-05-06,18,3,9817.71,False,54.17,4.078,0.0,0.0,0.0,0.0,0.0,134.5143667,8.975,B,120653,False,False,False,False,18,5,2011
2011-05-06,18,4,25054.34,False,54.17,4.078,0.0,0.0,0.0,0.0,0.0,134.5143667,8.975,B,120653,False,False,False,False,18,5,2011
2011-05-06,18,5,13269.11,False,54.17,4.078,0.0,0.0,0.0,0.0,0.0,134.5143667,8.975,B,120653,False,False,False,False,18,5,2011
2011-05-06,18,6,4784.41,False,54.17,4.078,0.0,0.0,0.0,0.0,0.0,134.5143667,8.975,B,120653,False,False,False,False,18,5,2011
2011-05-06,18,7,25811.49,False,54.17,4.078,0.0,0.0,0.0,0.0,0.0,134.5143667,8.975,B,120653,False,False,False,False,18,5,2011
2011-05-06,18,8,32371.72,False,54.17,4.078,0.0,0.0,0.0,0.0,0.0,134.5143667,8.975,B,120653,False,False,False,False,18,5,2011
2011-05-06,18,9,20934.75,False,54.17,4.078,0.0,0.0,0.0,0.0,0.0,134.5143667,8.975,B,120653,False,False,False,False,18,5,2011
2011-05-13,18,1,15112.01,False,58.48,4.095,0.0,0.0,0.0,0.0,0.0,134.593,8.975,B,120653,False,False,False,False,19,5,2011
2011-05-13,18,2,55834.83,False,58.48,4.095,0.0,0.0,0.0,0.0,0.0,134.593,8.975,B,120653,False,False,False,False,19,5,2011
2011-05-13,18,3,10422.29,False,58.48,4.095,0.0,0.0,0.0,0.0,0.0,134.593,8.975,B,120653,False,False,False,False,19,5,2011
2011-05-13,18,4,23120.75,False,58.48,4.095,0.0,0.0,0.0,0.0,0.0,134.593,8.975,B,120653,False,False,False,False,19,5,2011
2011-05-13,18,5,13836.29,False,58.48,4.095,0.0,0.0,0.0,0.0,0.0,134.593,8.975,B,120653,False,False,False,False,19,5,2011
2011-05-13,18,6,7702.86,False,58.48,4.095,0.0,0.0,0.0,0.0,0.0,134.593,8.975,B,120653,False,False,False,False,19,5,2011
2011-05-13,18,7,24860.62,False,58.48,4.095,0.0,0.0,0.0,0.0,0.0,134.593,8.975,B,120653,False,False,False,False,19,5,2011
2011-05-13,18,8,30082.67,False,58.48,4.095,0.0,0.0,0.0,0.0,0.0,134.593,8.975,B,120653,False,False,False,False,19,5,2011
2011-05-13,18,9,17209.49,False,58.48,4.095,0.0,0.0,0.0,0.0,0.0,134.593,8.975,B,120653,False,False,False,False,19,5,2011
2011-05-20,18,1,14544.79,False,57.55,4.101,0.0,0.0,0.0,0.0,0.0,134.6803871,8.975,B,120653,False,False,False,False,20,5,2011
2011-05-20,18,2,60986.06,False,57.55,4.101,0.0,0.0,0.0,0.0,0.0,134.6803871,8.975,B,120653,False,False,False,False,20,5,2011
2011-05-20,18,3,10682.64,False,57.55,4.101,0.0,0.0,0.0,0.0,0.0,134.6803871,8.975,B,120653,False,False,False,False,20,5,2011
2011-05-20,18,4,26724.9,False,57.55,4.101,0.0,0.0,0.0,0.0,0.0,134.6803871,8.975,B,120653,False,False,False,False,20,5,2011
2011-05-20,18,5,16945.96,False,57.55,4.101,0.0,0.0,0.0,0.0,0.0,134.6803871,8.975,B,120653,False,False,False,False,20,5,2011
2011-05-20,18,6,6512.74,False,57.55,4.101,0.0,0.0,0.0,0.0,0.0,134.6803871,8.975,B,120653,False,False,False,False,20,5,2011
2011-05-20,18,7,23150.12,False,57.55,4.101,0.0,0.0,0.0,0.0,0.0,134.6803871,8.975,B,120653,False,False,False,False,20,5,2011
2011-05-20,18,8,31363.99,False,57.55,4.101,0.0,0.0,0.0,0.0,0.0,134.6803871,8.975,B,120653,False,False,False,False,20,5,2011
2011-05-20,18,9,19412.14,False,57.55,4.101,0.0,0.0,0.0,0.0,0.0,134.6803871,8.975,B,120653,False,False,False,False,20,5,2011
2011-05-27,18,1,16015.51,False,64.6,4.034,0.0,0.0,0.0,0.0,0.0,134.7677742,8.975,B,120653,False,False,False,False,21,5,2011
2011-05-27,18,2,62445.48,False,64.6,4.034,0.0,0.0,0.0,0.0,0.0,134.7677742,8.975,B,120653,False,False,False,False,21,5,2011
2011-05-27,18,3,9637.49,False,64.6,4.034,0.0,0.0,0.0,0.0,0.0,134.7677742,8.975,B,120653,False,False,False,False,21,5,2011
2011-05-27,18,4,27240.66,False,64.6,4.034,0.0,0.0,0.0,0.0,0.0,134.7677742,8.975,B,120653,False,False,False,False,21,5,2011
2011-05-27,18,5,15918.49,False,64.6,4.034,0.0,0.0,0.0,0.0,0.0,134.7677742,8.975,B,120653,False,False,False,False,21,5,2011
2011-05-27,18,6,4923.16,False,64.6,4.034,0.0,0.0,0.0,0.0,0.0,134.7677742,8.975,B,120653,False,False,False,False,21,5,2011
2011-05-27,18,7,29115.07,False,64.6,4.034,0.0,0.0,0.0,0.0,0.0,134.7677742,8.975,B,120653,False,False,False,False,21,5,2011
2011-05-27,18,8,32623.61,False,64.6,4.034,0.0,0.0,0.0,0.0,0.0,134.7677742,8.975,B,120653,False,False,False,False,21,5,2011
2011-05-27,18,9,27436.2,False,64.6,4.034,0.0,0.0,0.0,0.0,0.0,134.7677742,8.975,B,120653,False,False,False,False,21,5,2011
2011-06-03,18,1,14707.64,False,70.9,3.973,0.0,0.0,0.0,0.0,0.0,134.8551613,8.975,B,120653,False,False,False,False,22,6,2011
2011-06-03,18,2,63818.42,False,70.9,3.973,0.0,0.0,0.0,0.0,0.0,134.8551613,8.975,B,120653,False,False,False,False,22,6,2011
2011-06-03,18,3,8566.17,False,70.9,3.973,0.0,0.0,0.0,0.0,0.0,134.8551613,8.975,B,120653,False,False,False,False,22,6,2011
2011-06-03,18,4,29620.1,False,70.9,3.973,0.0,0.0,0.0,0.0,0.0,134.8551613,8.975,B,120653,False,False,False,False,22,6,2011
2011-06-03,18,5,14493.4,False,70.9,3.973,0.0,0.0,0.0,0.0,0.0,134.8551613,8.975,B,120653,False,False,False,False,22,6,2011
2011-06-03,18,6,5464.1,False,70.9,3.973,0.0,0.0,0.0,0.0,0.0,134.8551613,8.975,B,120653,False,False,False,False,22,6,2011
2011-06-03,18,7,38957.23,False,70.9,3.973,0.0,0.0,0.0,0.0,0.0,134.8551613,8.975,B,120653,False,False,False,False,22,6,2011
2011-06-03,18,8,31135.67,False,70.9,3.973,0.0,0.0,0.0,0.0,0.0,134.8551613,8.975,B,120653,False,False,False,False,22,6,2011
2011-06-03,18,9,28478.16,False,70.9,3.973,0.0,0.0,0.0,0.0,0.0,134.8551613,8.975,B,120653,False,False,False,False,22,6,2011
2011-06-10,18,1,14558.78,False,69.49,3.924,0.0,0.0,0.0,0.0,0.0,134.9425484,8.975,B,120653,False,False,False,False,23,6,2011
2011-06-10,18,2,59923.34,False,69.49,3.924,0.0,0.0,0.0,0.0,0.0,134.9425484,8.975,B,120653,False,False,False,False,23,6,2011
2011-06-10,18,3,9310.66,False,69.49,3.924,0.0,0.0,0.0,0.0,0.0,134.9425484,8.975,B,120653,False,False,False,False,23,6,2011
2011-06-10,18,4,25843.73,False,69.49,3.924,0.0,0.0,0.0,0.0,0.0,134.9425484,8.975,B,120653,False,False,False,False,23,6,2011
2011-06-10,18,5,13785.43,False,69.49,3.924,0.0,0.0,0.0,0.0,0.0,134.9425484,8.975,B,120653,False,False,False,False,23,6,2011
2011-06-10,18,6,3878.35,False,69.49,3.924,0.0,0.0,0.0,0.0,0.0,134.9425484,8.975,B,120653,False,False,False,False,23,6,2011
2011-06-10,18,7,36172.72,False,69.49,3.924,0.0,0.0,0.0,0.0,0.0,134.9425484,8.975,B,120653,False,False,False,False,23,6,2011
2011-06-10,18,8,31339.02,False,69.49,3.924,0.0,0.0,0.0,0.0,0.0,134.9425484,8.975,B,120653,False,False,False,False,23,6,2011
2011-06-10,18,9,26041.71,False,69.49,3.924,0.0,0.0,0.0,0.0,0.0,134.9425484,8.975,B,120653,False,False,False,False,23,6,2011
2011-06-17,18,1,16679.75,False,63.23,3.873,0.0,0.0,0.0,0.0,0.0,135.0837333,8.975,B,120653,False,False,False,False,24,6,2011
2011-06-17,18,2,64848.03,False,63.23,3.873,0.0,0.0,0.0,0.0,0.0,135.0837333,8.975,B,120653,False,False,False,False,24,6,2011
2011-06-17,18,3,10397.48,False,63.23,3.873,0.0,0.0,0.0,0.0,0.0,135.0837333,8.975,B,120653,False,False,False,False,24,6,2011
2011-06-17,18,4,27569.89,False,63.23,3.873,0.0,0.0,0.0,0.0,0.0,135.0837333,8.975,B,120653,False,False,False,False,24,6,2011
2011-06-17,18,5,17765.39,False,63.23,3.873,0.0,0.0,0.0,0.0,0.0,135.0837333,8.975,B,120653,False,False,False,False,24,6,2011
2011-06-17,18,6,6496.32,False,63.23,3.873,0.0,0.0,0.0,0.0,0.0,135.0837333,8.975,B,120653,False,False,False,False,24,6,2011
2011-06-17,18,7,32464.13,False,63.23,3.873,0.0,0.0,0.0,0.0,0.0,135.0837333,8.975,B,120653,False,False,False,False,24,6,2011
2011-06-17,18,8,32154.01,False,63.23,3.873,0.0,0.0,0.0,0.0,0.0,135.0837333,8.975,B,120653,False,False,False,False,24,6,2011
2011-06-17,18,9,26807.06,False,63.23,3.873,0.0,0.0,0.0,0.0,0.0,135.0837333,8.975,B,120653,False,False,False,False,24,6,2011
2011-06-24,18,1,17394.08,False,67.41,3.851,0.0,0.0,0.0,0.0,0.0,135.2652667,8.975,B,120653,False,False,False,False,25,6,2011
2011-06-24,18,2,64102.52,False,67.41,3.851,0.0,0.0,0.0,0.0,0.0,135.2652667,8.975,B,120653,False,False,False,False,25,6,2011
2011-06-24,18,3,11082.5,False,67.41,3.851,0.0,0.0,0.0,0.0,0.0,135.2652667,8.975,B,120653,False,False,False,False,25,6,2011
2011-06-24,18,4,25496.03,False,67.41,3.851,0.0,0.0,0.0,0.0,0.0,135.2652667,8.975,B,120653,False,False,False,False,25,6,2011
2011-06-24,18,5,14625.11,False,67.41,3.851,0.0,0.0,0.0,0.0,0.0,135.2652667,8.975,B,120653,False,False,False,False,25,6,2011
2011-06-24,18,6,8975.45,False,67.41,3.851,0.0,0.0,0.0,0.0,0.0,135.2652667,8.975,B,120653,False,False,False,False,25,6,2011
2011-06-24,18,7,34527.61,False,67.41,3.851,0.0,0.0,0.0,0.0,0.0,135.2652667,8.975,B,120653,False,False,False,False,25,6,2011
2011-06-24,18,8,32041.76,False,67.41,3.851,0.0,0.0,0.0,0.0,0.0,135.2652667,8.975,B,120653,False,False,False,False,25,6,2011
2011-06-24,18,9,28374.4,False,67.41,3.851,0.0,0.0,0.0,0.0,0.0,135.2652667,8.975,B,120653,False,False,False,False,25,6,2011
2011-07-01,18,1,17414.46,False,69.75,3.815,0.0,0.0,0.0,0.0,0.0,135.4468,8.89,B,120653,False,False,False,False,26,7,2011
2011-07-01,18,2,67558.07,False,69.75,3.815,0.0,0.0,0.0,0.0,0.0,135.4468,8.89,B,120653,False,False,False,False,26,7,2011
2011-07-01,18,3,10232.41,False,69.75,3.815,0.0,0.0,0.0,0.0,0.0,135.4468,8.89,B,120653,False,False,False,False,26,7,2011
2011-07-01,18,4,29796.1,False,69.75,3.815,0.0,0.0,0.0,0.0,0.0,135.4468,8.89,B,120653,False,False,False,False,26,7,2011
2011-07-01,18,5,13183.77,False,69.75,3.815,0.0,0.0,0.0,0.0,0.0,135.4468,8.89,B,120653,False,False,False,False,26,7,2011
2011-07-01,18,6,4769.0,False,69.75,3.815,0.0,0.0,0.0,0.0,0.0,135.4468,8.89,B,120653,False,False,False,False,26,7,2011
2011-07-01,18,7,41757.54,False,69.75,3.815,0.0,0.0,0.0,0.0,0.0,135.4468,8.89,B,120653,False,False,False,False,26,7,2011
2011-07-01,18,8,32032.72,False,69.75,3.815,0.0,0.0,0.0,0.0,0.0,135.4468,8.89,B,120653,False,False,False,False,26,7,2011
2011-07-01,18,9,35569.73,False,69.75,3.815,0.0,0.0,0.0,0.0,0.0,135.4468,8.89,B,120653,False,False,False,False,26,7,2011
2011-07-08,18,1,15243.53,False,73.12,3.784,0.0,0.0,0.0,0.0,0.0,135.6283333,8.89,B,120653,False,False,False,False,27,7,2011
2011-07-08,18,2,63638.88,False,73.12,3.784,0.0,0.0,0.0,0.0,0.0,135.6283333,8.89,B,120653,False,False,False,False,27,7,2011
2011-07-08,18,3,11471.09,False,73.12,3.784,0.0,0.0,0.0,0.0,0.0,135.6283333,8.89,B,120653,False,False,False,False,27,7,2011
2011-07-08,18,4,29800.16,False,73.12,3.784,0.0,0.0,0.0,0.0,0.0,135.6283333,8.89,B,120653,False,False,False,False,27,7,2011
2011-07-08,18,5,14011.5,False,73.12,3.784,0.0,0.0,0.0,0.0,0.0,135.6283333,8.89,B,120653,False,False,False,False,27,7,2011
2011-07-08,18,6,4146.72,False,73.12,3.784,0.0,0.0,0.0,0.0,0.0,135.6283333,8.89,B,120653,False,False,False,False,27,7,2011
2011-07-08,18,7,36498.79,False,73.12,3.784,0.0,0.0,0.0,0.0,0.0,135.6283333,8.89,B,120653,False,False,False,False,27,7,2011
2011-07-08,18,8,31131.93,False,73.12,3.784,0.0,0.0,0.0,0.0,0.0,135.6283333,8.89,B,120653,False,False,False,False,27,7,2011
2011-07-08,18,9,28414.03,False,73.12,3.784,0.0,0.0,0.0,0.0,0.0,135.6283333,8.89,B,120653,False,False,False,False,27,7,2011
2011-07-15,18,1,15213.44,False,74.36,3.827,0.0,0.0,0.0,0.0,0.0,135.7837419,8.89,B,120653,False,False,False,False,28,7,2011
2011-07-15,18,2,65706.5,False,74.36,3.827,0.0,0.0,0.0,0.0,0.0,135.7837419,8.89,B,120653,False,False,False,False,28,7,2011
2011-07-15,18,3,15521.97,False,74.36,3.827,0.0,0.0,0.0,0.0,0.0,135.7837419,8.89,B,120653,False,False,False,False,28,7,2011
2011-07-15,18,4,26494.69,False,74.36,3.827,0.0,0.0,0.0,0.0,0.0,135.7837419,8.89,B,120653,False,False,False,False,28,7,2011
2011-07-15,18,5,13972.07,False,74.36,3.827,0.0,0.0,0.0,0.0,0.0,135.7837419,8.89,B,120653,False,False,False,False,28,7,2011
2011-07-15,18,6,4645.17,False,74.36,3.827,0.0,0.0,0.0,0.0,0.0,135.7837419,8.89,B,120653,False,False,False,False,28,7,2011
2011-07-15,18,7,29814.31,False,74.36,3.827,0.0,0.0,0.0,0.0,0.0,135.7837419,8.89,B,120653,False,False,False,False,28,7,2011
2011-07-15,18,8,29906.84,False,74.36,3.827,0.0,0.0,0.0,0.0,0.0,135.7837419,8.89,B,120653,False,False,False,False,28,7,2011
2011-07-15,18,9,23448.68,False,74.36,3.827,0.0,0.0,0.0,0.0,0.0,135.7837419,8.89,B,120653,False,False,False,False,28,7,2011
2011-07-22,18,1,14762.56,False,78.68,3.882,0.0,0.0,0.0,0.0,0.0,135.8738387,8.89,B,120653,False,False,False,False,29,7,2011
2011-07-22,18,2,64149.1,False,78.68,3.882,0.0,0.0,0.0,0.0,0.0,135.8738387,8.89,B,120653,False,False,False,False,29,7,2011
2011-07-22,18,3,17492.21,False,78.68,3.882,0.0,0.0,0.0,0.0,0.0,135.8738387,8.89,B,120653,False,False,False,False,29,7,2011
2011-07-22,18,4,25426.62,False,78.68,3.882,0.0,0.0,0.0,0.0,0.0,135.8738387,8.89,B,120653,False,False,False,False,29,7,2011
2011-07-22,18,5,13623.19,False,78.68,3.882,0.0,0.0,0.0,0.0,0.0,135.8738387,8.89,B,120653,False,False,False,False,29,7,2011
2011-07-22,18,6,4288.57,False,78.68,3.882,0.0,0.0,0.0,0.0,0.0,135.8738387,8.89,B,120653,False,False,False,False,29,7,2011
2011-07-22,18,7,28013.27,False,78.68,3.882,0.0,0.0,0.0,0.0,0.0,135.8738387,8.89,B,120653,False,False,False,False,29,7,2011
2011-07-22,18,8,30335.97,False,78.68,3.882,0.0,0.0,0.0,0.0,0.0,135.8738387,8.89,B,120653,False,False,False,False,29,7,2011
2011-07-22,18,9,28269.93,False,78.68,3.882,0.0,0.0,0.0,0.0,0.0,135.8738387,8.89,B,120653,False,False,False,False,29,7,2011
2011-07-29,18,1,15306.55,False,73.85,3.898,0.0,0.0,0.0,0.0,0.0,135.9639355,8.89,B,120653,False,False,False,False,30,7,2011
2011-07-29,18,2,63814.88,False,73.85,3.898,0.0,0.0,0.0,0.0,0.0,135.9639355,8.89,B,120653,False,False,False,False,30,7,2011
2011-07-29,18,3,24856.57,False,73.85,3.898,0.0,0.0,0.0,0.0,0.0,135.9639355,8.89,B,120653,False,False,False,False,30,7,2011
2011-07-29,18,4,25714.78,False,73.85,3.898,0.0,0.0,0.0,0.0,0.0,135.9639355,8.89,B,120653,False,False,False,False,30,7,2011
2011-07-29,18,5,12827.49,False,73.85,3.898,0.0,0.0,0.0,0.0,0.0,135.9639355,8.89,B,120653,False,False,False,False,30,7,2011
2011-07-29,18,6,5610.76,False,73.85,3.898,0.0,0.0,0.0,0.0,0.0,135.9639355,8.89,B,120653,False,False,False,False,30,7,2011
2011-07-29,18,7,21005.41,False,73.85,3.898,0.0,0.0,0.0,0.0,0.0,135.9639355,8.89,B,120653,False,False,False,False,30,7,2011
2011-07-29,18,8,33127.49,False,73.85,3.898,0.0,0.0,0.0,0.0,0.0,135.9639355,8.89,B,120653,False,False,False,False,30,7,2011
2011-07-29,18,9,25730.24,False,73.85,3.898,0.0,0.0,0.0,0.0,0.0,135.9639355,8.89,B,120653,False,False,False,False,30,7,2011
2011-08-05,18,1,14254.07,False,74.58,3.903,0.0,0.0,0.0,0.0,0.0,136.0540323,8.89,B,120653,False,False,False,False,31,8,2011
2011-08-05,18,2,67516.44,False,74.58,3.903,0.0,0.0,0.0,0.0,0.0,136.0540323,8.89,B,120653,False,False,False,False,31,8,2011
2011-08-05,18,3,31153.95,False,74.58,3.903,0.0,0.0,0.0,0.0,0.0,136.0540323,8.89,B,120653,False,False,False,False,31,8,2011
2011-08-05,18,4,28132.03,False,74.58,3.903,0.0,0.0,0.0,0.0,0.0,136.0540323,8.89,B,120653,False,False,False,False,31,8,2011
2011-08-05,18,5,13849.08,False,74.58,3.903,0.0,0.0,0.0,0.0,0.0,136.0540323,8.89,B,120653,False,False,False,False,31,8,2011
2011-08-05,18,6,6210.84,False,74.58,3.903,0.0,0.0,0.0,0.0,0.0,136.0540323,8.89,B,120653,False,False,False,False,31,8,2011
2011-08-05,18,7,26026.19,False,74.58,3.903,0.0,0.0,0.0,0.0,0.0,136.0540323,8.89,B,120653,False,False,False,False,31,8,2011
2011-08-05,18,8,30123.07,False,74.58,3.903,0.0,0.0,0.0,0.0,0.0,136.0540323,8.89,B,120653,False,False,False,False,31,8,2011
2011-08-05,18,9,26576.6,False,74.58,3.903,0.0,0.0,0.0,0.0,0.0,136.0540323,8.89,B,120653,False,False,False,False,31,8,2011
2011-08-12,18,1,13945.37,False,73.57,3.88,0.0,0.0,0.0,0.0,0.0,136.144129,8.89,B,120653,False,False,False,False,32,8,2011
2011-08-12,18,2,65279.48,False,73.57,3.88,0.0,0.0,0.0,0.0,0.0,136.144129,8.89,B,120653,False,False,False,False,32,8,2011
2011-08-12,18,3,36839.67,False,73.57,3.88,0.0,0.0,0.0,0.0,0.0,136.144129,8.89,B,120653,False,False,False,False,32,8,2011
2011-08-12,18,4,26528.49,False,73.57,3.88,0.0,0.0,0.0,0.0,0.0,136.144129,8.89,B,120653,False,False,False,False,32,8,2011
2011-08-12,18,5,16083.65,False,73.57,3.88,0.0,0.0,0.0,0.0,0.0,136.144129,8.89,B,120653,False,False,False,False,32,8,2011
2011-08-12,18,6,4733.39,False,73.57,3.88,0.0,0.0,0.0,0.0,0.0,136.144129,8.89,B,120653,False,False,False,False,32,8,2011
2011-08-12,18,7,20804.04,False,73.57,3.88,0.0,0.0,0.0,0.0,0.0,136.144129,8.89,B,120653,False,False,False,False,32,8,2011
2011-08-12,18,8,31283.85,False,73.57,3.88,0.0,0.0,0.0,0.0,0.0,136.144129,8.89,B,120653,False,False,False,False,32,8,2011
2011-08-12,18,9,20956.24,False,73.57,3.88,0.0,0.0,0.0,0.0,0.0,136.144129,8.89,B,120653,False,False,False,False,32,8,2011
2011-08-19,18,1,14380.24,False,69.24,3.82,0.0,0.0,0.0,0.0,0.0,136.183129,8.89,B,120653,False,False,False,False,33,8,2011
2011-08-19,18,2,66338.31,False,69.24,3.82,0.0,0.0,0.0,0.0,0.0,136.183129,8.89,B,120653,False,False,False,False,33,8,2011
2011-08-19,18,3,55028.88,False,69.24,3.82,0.0,0.0,0.0,0.0,0.0,136.183129,8.89,B,120653,False,False,False,False,33,8,2011
2011-08-19,18,4,27198.94,False,69.24,3.82,0.0,0.0,0.0,0.0,0.0,136.183129,8.89,B,120653,False,False,False,False,33,8,2011
2011-08-19,18,5,13948.59,False,69.24,3.82,0.0,0.0,0.0,0.0,0.0,136.183129,8.89,B,120653,False,False,False,False,33,8,2011
2011-08-19,18,6,4399.62,False,69.24,3.82,0.0,0.0,0.0,0.0,0.0,136.183129,8.89,B,120653,False,False,False,False,33,8,2011
2011-08-19,18,7,20163.18,False,69.24,3.82,0.0,0.0,0.0,0.0,0.0,136.183129,8.89,B,120653,False,False,False,False,33,8,2011
2011-08-19,18,8,31015.79,False,69.24,3.82,0.0,0.0,0.0,0.0,0.0,136.183129,8.89,B,120653,False,False,False,False,33,8,2011
2011-08-19,18,9,16210.65,False,69.24,3.82,0.0,0.0,0.0,0.0,0.0,136.183129,8.89,B,120653,False,False,False,False,33,8,2011
2011-08-26,18,1,14131.56,False,70.32,3.796,0.0,0.0,0.0,0.0,0.0,136.2136129,8.89,B,120653,False,False,False,False,34,8,2011
2011-08-26,18,2,73379.81,False,70.32,3.796,0.0,0.0,0.0,0.0,0.0,136.2136129,8.89,B,120653,False,False,False,False,34,8,2011
2011-08-26,18,3,81361.98,False,70.32,3.796,0.0,0.0,0.0,0.0,0.0,136.2136129,8.89,B,120653,False,False,False,False,34,8,2011
2011-08-26,18,4,31358.45,False,70.32,3.796,0.0,0.0,0.0,0.0,0.0,136.2136129,8.89,B,120653,False,False,False,False,34,8,2011
2011-08-26,18,5,14412.67,False,70.32,3.796,0.0,0.0,0.0,0.0,0.0,136.2136129,8.89,B,120653,False,False,False,False,34,8,2011
2011-08-26,18,6,5298.04,False,70.32,3.796,0.0,0.0,0.0,0.0,0.0,136.2136129,8.89,B,120653,False,False,False,False,34,8,2011
2011-08-26,18,7,22488.33,False,70.32,3.796,0.0,0.0,0.0,0.0,0.0,136.2136129,8.89,B,120653,False,False,False,False,34,8,2011
2011-08-26,18,8,35826.73,False,70.32,3.796,0.0,0.0,0.0,0.0,0.0,136.2136129,8.89,B,120653,False,False,False,False,34,8,2011
2011-08-26,18,9,31112.25,False,70.32,3.796,0.0,0.0,0.0,0.0,0.0,136.2136129,8.89,B,120653,False,False,False,False,34,8,2011
2011-09-02,18,1,8635.48,False,68.23,3.784,0.0,0.0,0.0,0.0,0.0,136.2440968,8.89,B,120653,False,False,False,False,35,9,2011
2011-09-02,18,2,33808.03,False,68.23,3.784,0.0,0.0,0.0,0.0,0.0,136.2440968,8.89,B,120653,False,False,False,False,35,9,2011
2011-09-02,18,3,26561.72,False,68.23,3.784,0.0,0.0,0.0,0.0,0.0,136.2440968,8.89,B,120653,False,False,False,False,35,9,2011
2011-09-02,18,4,16387.62,False,68.23,3.784,0.0,0.0,0.0,0.0,0.0,136.2440968,8.89,B,120653,False,False,False,False,35,9,2011
2011-09-02,18,5,8754.83,False,68.23,3.784,0.0,0.0,0.0,0.0,0.0,136.2440968,8.89,B,120653,False,False,False,False,35,9,2011
2011-09-02,18,6,3094.96,False,68.23,3.784,0.0,0.0,0.0,0.0,0.0,136.2440968,8.89,B,120653,False,False,False,False,35,9,2011
2011-09-02,18,7,10111.09,False,68.23,3.784,0.0,0.0,0.0,0.0,0.0,136.2440968,8.89,B,120653,False,False,False,False,35,9,2011
2011-09-02,18,8,15562.81,False,68.23,3.784,0.0,0.0,0.0,0.0,0.0,136.2440968,8.89,B,120653,False,False,False,False,35,9,2011
2011-09-02,18,9,10816.12,False,68.23,3.784,0.0,0.0,0.0,0.0,0.0,136.2440968,8.89,B,120653,False,False,False,False,35,9,2011
2011-09-09,18,1,15770.63,True,68.11,3.809,0.0,0.0,0.0,0.0,0.0,136.2745806,8.89,B,120653,False,True,False,False,36,9,2011
2011-09-09,18,2,64083.11,True,68.11,3.809,0.0,0.0,0.0,0.0,0.0,136.2745806,8.89,B,120653,False,True,False,False,36,9,2011
2011-09-09,18,3,32350.5,True,68.11,3.809,0.0,0.0,0.0,0.0,0.0,136.2745806,8.89,B,120653,False,True,False,False,36,9,2011
2011-09-09,18,4,27628.94,True,68.11,3.809,0.0,0.0,0.0,0.0,0.0,136.2745806,8.89,B,120653,False,True,False,False,36,9,2011
2011-09-09,18,5,13418.35,True,68.11,3.809,0.0,0.0,0.0,0.0,0.0,136.2745806,8.89,B,120653,False,True,False,False,36,9,2011
2011-09-09,18,6,3793.56,True,68.11,3.809,0.0,0.0,0.0,0.0,0.0,136.2745806,8.89,B,120653,False,True,False,False,36,9,2011
2011-09-09,18,7,20782.5,True,68.11,3.809,0.0,0.0,0.0,0.0,0.0,136.2745806,8.89,B,120653,False,True,False,False,36,9,2011
2011-09-09,18,8,32011.18,True,68.11,3.809,0.0,0.0,0.0,0.0,0.0,136.2745806,8.89,B,120653,False,True,False,False,36,9,2011
2011-09-09,18,9,16400.69,True,68.11,3.809,0.0,0.0,0.0,0.0,0.0,136.2745806,8.89,B,120653,False,True,False,False,36,9,2011
2011-09-16,18,1,15930.43,False,66.23,3.809,0.0,0.0,0.0,0.0,0.0,136.3145,8.89,B,120653,False,False,False,False,37,9,2011
2011-09-16,18,2,56158.73,False,66.23,3.809,0.0,0.0,0.0,0.0,0.0,136.3145,8.89,B,120653,False,False,False,False,37,9,2011
2011-09-16,18,3,13957.5,False,66.23,3.809,0.0,0.0,0.0,0.0,0.0,136.3145,8.89,B,120653,False,False,False,False,37,9,2011
2011-09-16,18,4,24446.93,False,66.23,3.809,0.0,0.0,0.0,0.0,0.0,136.3145,8.89,B,120653,False,False,False,False,37,9,2011
2011-09-16,18,5,16682.38,False,66.23,3.809,0.0,0.0,0.0,0.0,0.0,136.3145,8.89,B,120653,False,False,False,False,37,9,2011
2011-09-16,18,6,2488.74,False,66.23,3.809,0.0,0.0,0.0,0.0,0.0,136.3145,8.89,B,120653,False,False,False,False,37,9,2011
2011-09-16,18,7,22684.44,False,66.23,3.809,0.0,0.0,0.0,0.0,0.0,136.3145,8.89,B,120653,False,False,False,False,37,9,2011
2011-09-16,18,8,29586.94,False,66.23,3.809,0.0,0.0,0.0,0.0,0.0,136.3145,8.89,B,120653,False,False,False,False,37,9,2011
2011-09-16,18,9,15066.81,False,66.23,3.809,0.0,0.0,0.0,0.0,0.0,136.3145,8.89,B,120653,False,False,False,False,37,9,2011
2011-09-23,18,1,18092.96,False,60.44,3.758,0.0,0.0,0.0,0.0,0.0,136.367,8.89,B,120653,False,False,False,False,38,9,2011
2011-09-23,18,2,53201.14,False,60.44,3.758,0.0,0.0,0.0,0.0,0.0,136.367,8.89,B,120653,False,False,False,False,38,9,2011
2011-09-23,18,3,11365.68,False,60.44,3.758,0.0,0.0,0.0,0.0,0.0,136.367,8.89,B,120653,False,False,False,False,38,9,2011
2011-09-23,18,4,24135.88,False,60.44,3.758,0.0,0.0,0.0,0.0,0.0,136.367,8.89,B,120653,False,False,False,False,38,9,2011
2011-09-23,18,5,15959.24,False,60.44,3.758,0.0,0.0,0.0,0.0,0.0,136.367,8.89,B,120653,False,False,False,False,38,9,2011
2011-09-23,18,6,3022.13,False,60.44,3.758,0.0,0.0,0.0,0.0,0.0,136.367,8.89,B,120653,False,False,False,False,38,9,2011
2011-09-23,18,7,18544.83,False,60.44,3.758,0.0,0.0,0.0,0.0,0.0,136.367,8.89,B,120653,False,False,False,False,38,9,2011
2011-09-23,18,8,28109.05,False,60.44,3.758,0.0,0.0,0.0,0.0,0.0,136.367,8.89,B,120653,False,False,False,False,38,9,2011
2011-09-23,18,9,12829.57,False,60.44,3.758,0.0,0.0,0.0,0.0,0.0,136.367,8.89,B,120653,False,False,False,False,38,9,2011
2011-09-30,18,1,19359.89,False,69.01,3.684,0.0,0.0,0.0,0.0,0.0,136.4195,8.89,B,120653,False,False,False,False,39,9,2011
2011-09-30,18,2,56464.81,False,69.01,3.684,0.0,0.0,0.0,0.0,0.0,136.4195,8.89,B,120653,False,False,False,False,39,9,2011
2011-09-30,18,3,10753.53,False,69.01,3.684,0.0,0.0,0.0,0.0,0.0,136.4195,8.89,B,120653,False,False,False,False,39,9,2011
2011-09-30,18,4,23619.48,False,69.01,3.684,0.0,0.0,0.0,0.0,0.0,136.4195,8.89,B,120653,False,False,False,False,39,9,2011
2011-09-30,18,5,16579.69,False,69.01,3.684,0.0,0.0,0.0,0.0,0.0,136.4195,8.89,B,120653,False,False,False,False,39,9,2011
2011-09-30,18,6,3016.29,False,69.01,3.684,0.0,0.0,0.0,0.0,0.0,136.4195,8.89,B,120653,False,False,False,False,39,9,2011
2011-09-30,18,7,18129.45,False,69.01,3.684,0.0,0.0,0.0,0.0,0.0,136.4195,8.89,B,120653,False,False,False,False,39,9,2011
2011-09-30,18,8,29901.07,False,69.01,3.684,0.0,0.0,0.0,0.0,0.0,136.4195,8.89,B,120653,False,False,False,False,39,9,2011
2011-09-30,18,9,10770.99,False,69.01,3.684,0.0,0.0,0.0,0.0,0.0,136.4195,8.89,B,120653,False,False,False,False,39,9,2011
2011-10-07,18,1,20873.1,False,54.65,3.633,0.0,0.0,0.0,0.0,0.0,136.472,8.471,B,120653,False,False,False,False,40,10,2011
2011-10-07,18,2,59733.21,False,54.65,3.633,0.0,0.0,0.0,0.0,0.0,136.472,8.471,B,120653,False,False,False,False,40,10,2011
2011-10-07,18,3,9072.6,False,54.65,3.633,0.0,0.0,0.0,0.0,0.0,136.472,8.471,B,120653,False,False,False,False,40,10,2011
2011-10-07,18,4,27736.92,False,54.65,3.633,0.0,0.0,0.0,0.0,0.0,136.472,8.471,B,120653,False,False,False,False,40,10,2011
2011-10-07,18,5,23835.23,False,54.65,3.633,0.0,0.0,0.0,0.0,0.0,136.472,8.471,B,120653,False,False,False,False,40,10,2011
2011-10-07,18,6,3098.99,False,54.65,3.633,0.0,0.0,0.0,0.0,0.0,136.472,8.471,B,120653,False,False,False,False,40,10,2011
2011-10-07,18,7,18699.51,False,54.65,3.633,0.0,0.0,0.0,0.0,0.0,136.472,8.471,B,120653,False,False,False,False,40,10,2011
2011-10-07,18,8,32164.05,False,54.65,3.633,0.0,0.0,0.0,0.0,0.0,136.472,8.471,B,120653,False,False,False,False,40,10,2011
2011-10-07,18,9,10822.62,False,54.65,3.633,0.0,0.0,0.0,0.0,0.0,136.472,8.471,B,120653,False,False,False,False,40,10,2011
2011-10-14,18,1,22598.24,False,60.26,3.583,0.0,0.0,0.0,0.0,0.0,136.5150968,8.471,B,120653,False,False,False,False,41,10,2011
2011-10-14,18,2,55139.18,False,60.26,3.583,0.0,0.0,0.0,0.0,0.0,136.5150968,8.471,B,120653,False,False,False,False,41,10,2011
2011-10-14,18,3,10051.1,False,60.26,3.583,0.0,0.0,0.0,0.0,0.0,136.5150968,8.471,B,120653,False,False,False,False,41,10,2011
2011-10-14,18,4,25173.62,False,60.26,3.583,0.0,0.0,0.0,0.0,0.0,136.5150968,8.471,B,120653,False,False,False,False,41,10,2011
2011-10-14,18,5,18127.64,False,60.26,3.583,0.0,0.0,0.0,0.0,0.0,136.5150968,8.471,B,120653,False,False,False,False,41,10,2011
2011-10-14,18,6,3862.7,False,60.26,3.583,0.0,0.0,0.0,0.0,0.0,136.5150968,8.471,B,120653,False,False,False,False,41,10,2011
2011-10-14,18,7,18861.47,False,60.26,3.583,0.0,0.0,0.0,0.0,0.0,136.5150968,8.471,B,120653,False,False,False,False,41,10,2011
2011-10-14,18,8,30578.07,False,60.26,3.583,0.0,0.0,0.0,0.0,0.0,136.5150968,8.471,B,120653,False,False,False,False,41,10,2011
2011-10-14,18,9,9741.57,False,60.26,3.583,0.0,0.0,0.0,0.0,0.0,136.5150968,8.471,B,120653,False,False,False,False,41,10,2011
2011-10-21,18,1,26778.74,False,55.83,3.618,0.0,0.0,0.0,0.0,0.0,136.5017742,8.471,B,120653,False,False,False,False,42,10,2011
2011-10-21,18,2,58521.6,False,55.83,3.618,0.0,0.0,0.0,0.0,0.0,136.5017742,8.471,B,120653,False,False,False,False,42,10,2011
2011-10-21,18,3,10255.79,False,55.83,3.618,0.0,0.0,0.0,0.0,0.0,136.5017742,8.471,B,120653,False,False,False,False,42,10,2011
2011-10-21,18,4,27169.34,False,55.83,3.618,0.0,0.0,0.0,0.0,0.0,136.5017742,8.471,B,120653,False,False,False,False,42,10,2011
2011-10-21,18,5,27505.92,False,55.83,3.618,0.0,0.0,0.0,0.0,0.0,136.5017742,8.471,B,120653,False,False,False,False,42,10,2011
2011-10-21,18,6,4122.94,False,55.83,3.618,0.0,0.0,0.0,0.0,0.0,136.5017742,8.471,B,120653,False,False,False,False,42,10,2011
2011-10-21,18,7,31491.99,False,55.83,3.618,0.0,0.0,0.0,0.0,0.0,136.5017742,8.471,B,120653,False,False,False,False,42,10,2011
2011-10-21,18,8,33038.79,False,55.83,3.618,0.0,0.0,0.0,0.0,0.0,136.5017742,8.471,B,120653,False,False,False,False,42,10,2011
2011-10-21,18,9,9676.16,False,55.83,3.618,0.0,0.0,0.0,0.0,0.0,136.5017742,8.471,B,120653,False,False,False,False,42,10,2011
2011-10-28,18,1,41822.72,False,45.61,3.604,0.0,0.0,0.0,0.0,0.0,136.4884516,8.471,B,120653,False,False,False,False,43,10,2011
2011-10-28,18,2,58712.56,False,45.61,3.604,0.0,0.0,0.0,0.0,0.0,136.4884516,8.471,B,120653,False,False,False,False,43,10,2011
2011-10-28,18,3,10601.4,False,45.61,3.604,0.0,0.0,0.0,0.0,0.0,136.4884516,8.471,B,120653,False,False,False,False,43,10,2011
2011-10-28,18,4,26609.89,False,45.61,3.604,0.0,0.0,0.0,0.0,0.0,136.4884516,8.471,B,120653,False,False,False,False,43,10,2011
