Date,Store,Dept,Weekly_Sales,IsHoliday,Temperature,Fuel_Price,MarkDown1,MarkDown2,MarkDown3,MarkDown4,MarkDown5,CPI,Unemployment,Type,Size,Super_Bowl,Labor_Day,Thanksgiving,Christmas,week,month,year
2010-02-05,18,1,22252.71,False,21.33,2.788,0.0,0.0,0.0,0.0,0.0,131.5279032,9.202,B,120653,False,False,False,False,5,2,2010
2010-02-05,18,2,67807.23,False,21.33,2.788,0.0,0.0,0.0,0.0,0.0,131.5279032,9.202,B,120653,False,False,False,False,5,2,2010
2010-02-05,18,3,16150.95,False,21.33,2.788,0.0,0.0,0.0,0.0,0.0,131.5279032,9.202,B,120653,False,False,False,False,5,2,2010
2010-02-05,18,4,29263.04,False,21.33,2.788,0.0,0.0,0.0,0.0,0.0,131.5279032,9.202,B,120653,False,False,False,False,5,2,2010
2010-02-05,18,5,34116.49,False,21.33,2.788,0.0,0.0,0.0,0.0,0.0,131.5279032,9.202,B,120653,False,False,False,False,5,2,2010
2010-02-05,18,6,5883.54,False,21.33,2.788,0.0,0.0,0.0,0.0,0.0,131.5279032,9.202,B,120653,False,False,False,False,5,2,2010
2010-02-05,18,7,21081.22,False,21.33,2.788,0.0,0.0,0.0,0.0,0.0,131.5279032,9.202,B,120653,False,False,False,False,5,2,2010
2010-02-05,18,8,38834.28,False,21.33,2.788,0.0,0.0,0.0,0.0,0.0,131.5279032,9.202,B,120653,False,False,False,False,5,2,2010
2010-02-05,18,9,15605.14,False,21.33,2.788,0.0,0.0,0.0,0.0,0.0,131.5279032,9.202,B,120653,False,False,False,False,5,2,2010
2010-02-05,18,10,16642.3,False,21.33,2.788,0.0,0.0,0.0,0.0,0.0,131.5279032,9.202,B,120653,False,False,False,False,5,2,2010
2010-02-05,18,11,21171.41,False,21.33,2.788,0.0,0.0,0.0,0.0,0.0,131.5279032,9.202,B,120653,False,False,False,False,5,2,2010
2010-02-05,18,12,3396.81,False,21.33,2.788,0.0,0.0,0.0,0.0,0.0,131.5279032,9.202,B,120653,False,False,False,False,5,2,2010
2010-02-05,18,13,48324.54,False,21.33,2.788,0.0,0.0,0.0,0.0,0.0,131.5279032,9.202,B,120653,False,False,False,False,5,2,2010
2010-02-05,18,14,25662.12,False,21.33,2.788,0.0,0.0,0.0,0.0,0.0,131.5279032,9.202,B,120653,False,False,False,False,5,2,2010
2010-02-05,18,16,4413.61,False,21.33,2.788,0.0,0.0,0.0,0.0,0.0,131.5279032,9.202,B,120653,False,False,False,False,5,2,2010
2010-02-05,18,17,19325.72,False,21.33,2.788,0.0,0.0,0.0,0.0,0.0,131.5279032,9.202,B,120653,False,False,False,False,5,2,2010
2010-02-05,18,18,3963.0,False,21.33,2.788,0.0,0.0,0.0,0.0,0.0,131.5279032,9.202,B,120653,False,False,False,False,5,2,2010
2010-02-05,18,19,3669.66,False,21.33,2.788,0.0,0.0,0.0,0.0,0.0,131.5279032,9.202,B,120653,False,False,False,False,5,2,2010
2010-02-05,18,20,11255.49,False,21.33,2.788,0.0,0.0,0.0,0.0,0.0,131.5279032,9.202,B,120653,False,False,False,False,5,2,2010
2010-02-05,18,21,5778.95,False,21.33,2.788,0.0,0.0,0.0,0.0,0.0,131.5279032,9.202,B,120653,False,False,False,False,5,2,2010
2010-02-05,18,22,18722.53,False,21.33,2.788,0.0,0.0,0.0,0.0,0.0,131.5279032,9.202,B,120653,False,False,False,False,5,2,2010
2010-02-05,18,23,33867.32,False,21.33,2.788,0.0,0.0,0.0,0.0,0.0,131.5279032,9.202,B,120653,False,False,False,False,5,2,2010
2010-02-05,18,24,10441.16,False,21.33,2.788,0.0,0.0,0.0,0.0,0.0,131.5279032,9.202,B,120653,False,False,False,False,5,2,2010
2010-02-05,18,25,14177.0,False,21.33,2.788,0.0,0.0,0.0,0.0,0.0,131.5279032,9.202,B,120653,False,False,False,False,5,2,2010
2010-02-05,18,26,13386.53,False,21.33,2.788,0.0,0.0,0.0,0.0,0.0,131.5279032,9.202,B,120653,False,False,False,False,5,2,2010
2010-02-05,18,27,3984.5,False,21.33,2.788,0.0,0.0,0.0,0.0,0.0,131.5279032,9.202,B,120653,False,False,False,False,5,2,2010
2010-02-05,18,28,2140.71,False,21.33,2.788,0.0,0.0,0.0,0.0,0.0,131.5279032,9.202,B,120653,False,False,False,False,5,2,2010
2010-02-05,18,29,9932.24,False,21.33,2.788,0.0,0.0,0.0,0.0,0.0,131.5279032,9.202,B,120653,False,False,False,False,5,2,2010
2010-02-05,18,30,7425.42,False,21.33,2.788,0.0,0.0,0.0,0.0,0.0,131.5279032,9.202,B,120653,False,False,False,False,5,2,2010
2010-02-05,18,31,3575.98,False,21.33,2.788,0.0,0.0,0.0,0.0,0.0,131.5279032,9.202,B,120653,False,False,False,False,5,2,2010
2010-02-05,18,32,10609.27,False,21.33,2.788,0.0,0.0,0.0,0.0,0.0,131.5279032,9.202,B,120653,False,False,False,False,5,2,2010
2010-02-05,18,33,12836.89,False,21.33,2.788,0.0,0.0,0.0,0.0,0.0,131.5279032,9.202,B,120653,False,False,False,False,5,2,2010
2010-02-05,18,34,21711.62,False,21.33,2.788,0.0,0.0,0.0,0.0,0.0,131.5279032,9.202,B,120653,False,False,False,False,5,2,2010
2010-02-05,18,35,4348.0,False,21.33,2.788,0.0,0.0,0.0,0.0,0.0,131.5279032,9.202,B,120653,False,False,False,False,5,2,2010
2010-02-05,18,36,2294.0,False,21.33,2.788,0.0,0.0,0.0,0.0,0.0,131.5279032,9.202,B,120653,False,False,False,False,5,2,2010
2010-02-05,18,38,83588.25,False,21.33,2.788,0.0,0.0,0.0,0.0,0.0,131.5279032,9.202,B,120653,False,False,False,False,5,2,2010
2010-02-05,18,40,75374.76,False,21.33,2.788,0.0,0.0,0.0,0.0,0.0,131.5279032,9.202,B,120653,False,False,False,False,5,2,2010
2010-02-05,18,41,161.76,False,21.33,2.788,0.0,0.0,0.0,0.0,0.0,131.5279032,9.202,B,120653,False,False,False,False,5,2,2010
2010-02-05,18,42,4879.45,False,21.33,2.788,0.0,0.0,0.0,0.0,0.0,131.5279032,9.202,B,120653,False,False,False,False,5,2,2010
2010-02-05,18,44,5693.72,False,21.33,2.788,0.0,0.0,0.0,0.0,0.0,131.5279032,9.202,B,120653,False,False,False,False,5,2,2010
2010-02-05,18,45,20.94,False,21.33,2.788,0.0,0.0,0.0,0.0,0.0,131.5279032,9.202,B,120653,False,False,False,False,5,2,2010
2010-02-05,18,46,26295.76,False,21.33,2.788,0.0,0.0,0.0,0.0,0.0,131.5279032,9.202,B,120653,False,False,False,False,5,2,2010
2010-02-05,18,49,18990.2,False,21.33,2.788,0.0,0.0,0.0,0.0,0.0,131.5279032,9.202,B,120653,False,False,False,False,5,2,2010
2010-02-05,18,52,3943.18,False,21.33,2.788,0.0,0.0,0.0,0.0,0.0,131.5279032,9.202,B,120653,False,False,False,False,5,2,2010
2010-02-05,18,54,353.0,False,21.33,2.788,0.0,0.0,0.0,0.0,0.0,131.5279032,9.202,B,120653,False,False,False,False,5,2,2010
2010-02-05,18,55,15399.19,False,21.33,2.788,0.0,0.0,0.0,0.0,0.0,131.5279032,9.202,B,120653,False,False,False,False,5,2,2010
2010-02-05,18,56,529.0,False,21.33,2.788,0.0,0.0,0.0,0.0,0.0,131.5279032,9.202,B,120653,False,False,False,False,5,2,2010
2010-02-05,18,58,2630.0,False,21.33,2.788,0.0,0.0,0.0,0.0,0.0,131.5279032,9.202,B,120653,False,False,False,False,5,2,2010
2010-02-05,18,59,940.75,False,21.33,2.788,0.0,0.0,0.0,0.0,0.0,131.5279032,9.202,B,120653,False,False,False,False,5,2,2010
2010-02-05,18,67,11463.06,False,21.33,2.788,0.0,0.0,0.0,0.0,0.0,131.5279032,9.202,B,120653,False,False,False,False,5,2,2010
2010-02-05,18,71,11852.01,False,21.33,2.788,0.0,0.0,0.0,0.0,0.0,131.5279032,9.202,B,120653,False,False,False,False,5,2,2010
2010-02-05,18,72,117802.39,False,21.33,2.788,0.0,0.0,0.0,0.0,0.0,131.5279032,9.202,B,120653,False,False,False,False,5,2,2010
2010-02-05,18,74,20741.06,False,21.33,2.788,0.0,0.0,0.0,0.0,0.0,131.5279032,9.202,B,120653,False,False,False,False,5,2,2010
2010-02-05,18,78,22.0,False,21.33,2.788,0.0,0.0,0.0,0.0,0.0,131.5279032,9.202,B,120653,False,False,False,False,5,2,2010
2010-02-05,18,79,28367.02,False,21.33,2.788,0.0,0.0,0.0,0.0,0.0,131.5279032,9.202,B,120653,False,False,False,False,5,2,2010
2010-02-05,18,80,245.46,False,21.33,2.788,0.0,0.0,0.0,0.0,0.0,131.5279032,9.202,B,120653,False,False,False,False,5,2,2010
2010-02-05,18,81,12880.9,False,21.33,2.788,0.0,0.0,0.0,0.0,0.0,131.5279032,9.202,B,120653,False,False,False,False,5,2,2010
2010-02-05,18,82,12587.97,False,21.33,2.788,0.0,0.0,0.0,0.0,0.0,131.5279032,9.202,B,120653,False,False,False,False,5,2,2010
2010-02-05,18,83,410.0,False,21.33,2.788,0.0,0.0,0.0,0.0,0.0,131.5279032,9.202,B,120653,False,False,False,False,5,2,2010
2010-02-05,18,85,1568.18,False,21.33,2.788,0.0,0.0,0.0,0.0,0.0,131.5279032,9.202,B,120653,False,False,False,False,5,2,2010
2010-02-05,18,87,17844.39,False,21.33,2.788,0.0,0.0,0.0,0.0,0.0,131.5279032,9.202,B,120653,False,False,False,False,5,2,2010
2010-02-05,18,90,18411.76,False,21.33,2.788,0.0,0.0,0.0,0.0,0.0,131.5279032,9.202,B,120653,False,False,False,False,5,2,2010
2010-02-05,18,91,11254.61,False,21.33,2.788,0.0,0.0,0.0,0.0,0.0,131.5279032,9.202,B,120653,False,False,False,False,5,2,2010
2010-02-05,18,92,50069.98,False,21.33,2.788,0.0,0.0,0.0,0.0,0.0,131.5279032,9.202,B,120653,False,False,False,False,5,2,2010
2010-02-05,18,93,896.12,False,21.33,2.788,0.0,0.0,0.0,0.0,0.0,131.5279032,9.202,B,120653,False,False,False,False,5,2,2010
2010-02-05,18,95,61271.59,False,21.33,2.788,0.0,0.0,0.0,0.0,0.0,131.5279032,9.202,B,120653,False,False,False,False,5,2,2010
2010-02-05,18,97,4767.66,False,21.33,2.788,0.0,0.0,0.0,0.0,0.0,131.5279032,9.202,B,120653,False,False,False,False,5,2,2010
2010-02-12,18,1,38184.43,True,26.41,2.771,0.0,0.0,0.0,0.0,0.0,131.5866129,9.202,B,120653,True,False,False,False,6,2,2010
2010-02-12,18,2,68001.02,True,26.41,2.771,0.0,0.0,0.0,0.0,0.0,131.5866129,9.202,B,120653,True,False,False,False,6,2,2010
2010-02-12,18,3,14339.76,True,26.41,2.771,0.0,0.0,0.0,0.0,0.0,131.5866129,9.202,B,120653,True,False,False,False,6,2,2010
2010-02-12,18,4,27840.42,True,26.41,2.771,0.0,0.0,0.0,0.0,0.0,131.5866129,9.202,B,120653,True,False,False,False,6,2,2010
2010-02-12,18,5,30452.17,True,26.41,2.771,0.0,0.0,0.0,0.0,0.0,131.5866129,9.202,B,120653,True,False,False,False,6,2,2010
2010-02-12,18,6,6760.67,True,26.41,2.771,0.0,0.0,0.0,0.0,0.0,131.5866129,9.202,B,120653,True,False,False,False,6,2,2010
2010-02-12,18,7,23489.46,True,26.41,2.771,0.0,0.0,0.0,0.0,0.0,131.5866129,9.202,B,120653,True,False,False,False,6,2,2010
2010-02-12,18,8,36204.78,True,26.41,2.771,0.0,0.0,0.0,0.0,0.0,131.5866129,9.202,B,120653,True,False,False,False,6,2,2010
2010-02-12,18,9,14061.95,True,26.41,2.771,0.0,0.0,0.0,0.0,0.0,131.5866129,9.202,B,120653,True,False,False,False,6,2,2010
2010-02-12,18,10,16261.64,True,26.41,2.771,0.0,0.0,0.0,0.0,0.0,131.5866129,9.202,B,120653,True,False,False,False,6,2,2010
2010-02-12,18,11,21359.94,True,26.41,2.771,0.0,0.0,0.0,0.0,0.0,131.5866129,9.202,B,120653,True,False,False,False,6,2,2010
2010-02-12,18,12,4359.23,True,26.41,2.771,0.0,0.0,0.0,0.0,0.0,131.5866129,9.202,B,120653,True,False,False,False,6,2,2010
2010-02-12,18,13,45093.55,True,26.41,2.771,0.0,0.0,0.0,0.0,0.0,131.5866129,9.202,B,120653,True,False,False,False,6,2,2010
2010-02-12,18,14,26172.56,True,26.41,2.771,0.0,0.0,0.0,0.0,0.0,131.5866129,9.202,B,120653,True,False,False,False,6,2,2010
2010-02-12,18,16,7141.89,True,26.41,2.771,0.0,0.0,0.0,0.0,0.0,131.5866129,9.202,B,120653,True,False,False,False,6,2,2010
2010-02-12,18,17,21256.18,True,26.41,2.771,0.0,0.0,0.0,0.0,0.0,131.5866129,9.202,B,120653,True,False,False,False,6,2,2010
2010-02-12,18,18,14004.0,True,26.41,2.771,0.0,0.0,0.0,0.0,0.0,131.5866129,9.202,B,120653,True,False,False,False,6,2,2010
2010-02-12,18,19,3758.59,True,26.41,2.771,0.0,0.0,0.0,0.0,0.0,131.5866129,9.202,B,120653,True,False,False,False,6,2,2010
2010-02-12,18,20,10104.73,True,26.41,2.771,0.0,0.0,0.0,0.0,0.0,131.5866129,9.202,B,120653,True,False,False,False,6,2,2010
2010-02-12,18,21,7126.34,True,26.41,2.771,0.0,0.0,0.0,0.0,0.0,131.5866129,9.202,B,120653,True,False,False,False,6,2,2010
2010-02-12,18,22,20066.69,True,26.41,2.771,0.0,0.0,0.0,0.0,0.0,131.5866129,9.202,B,120653,True,False,False,False,6,2,2010
2010-02-12,18,23,32485.35,True,26.41,2.771,0.0,0.0,0.0,0.0,0.0,131.5866129,9.202,B,120653,True,False,False,False,6,2,2010
2010-02-12,18,24,10602.81,True,26.41,2.771,0.0,0.0,0.0,0.0,0.0,131.5866129,9.202,B,120653,True,False,False,False,6,2,2010
2010-02-12,18,25,14174.63,True,26.41,2.771,0.0,0.0,0.0,0.0,0.0,131.5866129,9.202,B,120653,True,False,False,False,6,2,2010
2010-02-12,18,26,11275.13,True,26.41,2.771,0.0,0.0,0.0,0.0,0.0,131.5866129,9.202,B,120653,True,False,False,False,6,2,2010
2010-02-12,18,27,3527.5,True,26.41,2.771,0.0,0.0,0.0,0.0,0.0,131.5866129,9.202,B,120653,True,False,False,False,6,2,2010
2010-02-12,18,28,1776.17,True,26.41,2.771,0.0,0.0,0.0,0.0,0.0,131.5866129,9.202,B,120653,True,False,False,False,6,2,2010
2010-02-12,18,29,10632.68,True,26.41,2.771,0.0,0.0,0.0,0.0,0.0,131.5866129,9.202,B,120653,True,False,False,False,6,2,2010
2010-02-12,18,30,6953.5,True,26.41,2.771,0.0,0.0,0.0,0.0,0.0,131.5866129,9.202,B,120653,True,False,False,False,6,2,2010
2010-02-12,18,31,3459.42,True,26.41,2.771,0.0,0.0,0.0,0.0,0.0,131.5866129,9.202,B,120653,True,False,False,False,6,2,2010
2010-02-12,18,32,12643.5,True,26.41,2.771,0.0,0.0,0.0,0.0,0.0,131.5866129,9.202,B,120653,True,False,False,False,6,2,2010
2010-02-12,18,33,13085.32,True,26.41,2.771,0.0,0.0,0.0,0.0,0.0,131.5866129,9.202,B,120653,True,False,False,False,6,2,2010
2010-02-12,18,34,23051.62,True,26.41,2.771,0.0,0.0,0.0,0.0,0.0,131.5866129,9.202,B,120653,True,False,False,False,6,2,2010
2010-02-12,18,35,3545.04,True,26.41,2.771,0.0,0.0,0.0,0.0,0.0,131.5866129,9.202,B,120653,True,False,False,False,6,2,2010
2010-02-12,18,36,1697.0,True,26.41,2.771,0.0,0.0,0.0,0.0,0.0,131.5866129,9.202,B,120653,True,False,False,False,6,2,2010
2010-02-12,18,38,70880.24,True,26.41,2.771,0.0,0.0,0.0,0.0,0.0,131.5866129,9.202,B,120653,True,False,False,False,6,2,2010
2010-02-12,18,40,68271.66,True,26.41,2.771,0.0,0.0,0.0,0.0,0.0,131.5866129,9.202,B,120653,True,False,False,False,6,2,2010
2010-02-12,18,41,546.07,True,26.41,2.771,0.0,0.0,0.0,0.0,0.0,131.5866129,9.202,B,120653,True,False,False,False,6,2,2010
2010-02-12,18,42,5064.06,True,26.41,2.771,0.0,0.0,0.0,0.0,0.0,131.5866129,9.202,B,120653,True,False,False,False,6,2,2010
2010-02-12,18,44,6050.89,True,26.41,2.771,0.0,0.0,0.0,0.0,0.0,131.5866129,9.202,B,120653,True,False,False,False,6,2,2010
2010-02-12,18,46,25347.51,True,26.41,2.771,0.0,0.0,0.0,0.0,0.0,131.5866129,9.202,B,120653,True,False,False,False,6,2,2010
2010-02-12,18,49,15216.7,True,26.41,2.771,0.0,0.0,0.0,0.0,0.0,131.5866129,9.202,B,120653,True,False,False,False,6,2,2010
2010-02-12,18,52,3729.57,True,26.41,2.771,0.0,0.0,0.0,0.0,0.0,131.5866129,9.202,B,120653,True,False,False,False,6,2,2010
2010-02-12,18,54,269.5,True,26.41,2.771,0.0,0.0,0.0,0.0,0.0,131.5866129,9.202,B,120653,True,False,False,False,6,2,2010
2010-02-12,18,55,16385.23,True,26.41,2.771,0.0,0.0,0.0,0.0,0.0,131.5866129,9.202,B,120653,True,False,False,False,6,2,2010
2010-02-12,18,56,1257.04,True,26.41,2.771,0.0,0.0,0.0,0.0,0.0,131.5866129,9.202,B,120653,True,False,False,False,6,2,2010
2010-02-12,18,58,4949.0,True,26.41,2.771,0.0,0.0,0.0,0.0,0.0,131.5866129,9.202,B,120653,True,False,False,False,6,2,2010
2010-02-12,18,59,810.05,True,26.41,2.771,0.0,0.0,0.0,0.0,0.0,131.5866129,9.202,B,120653,True,False,False,False,6,2,2010
2010-02-12,18,67,18845.98,True,26.41,2.771,0.0,0.0,0.0,0.0,0.0,131.5866129,9.202,B,120653,True,False,False,False,6,2,2010
2010-02-12,18,71,12496.08,True,26.41,2.771,0.0,0.0,0.0,0.0,0.0,131.5866129,9.202,B,120653,True,False,False,False,6,2,2010
2010-02-12,18,72,114262.07,True,26.41,2.771,0.0,0.0,0.0,0.0,0.0,131.5866129,9.202,B,120653,True,False,False,False,6,2,2010
2010-02-12,18,74,19251.57,True,26.41,2.771,0.0,0.0,0.0,0.0,0.0,131.5866129,9.202,B,120653,True,False,False,False,6,2,2010
2010-02-12,18,78,5.0,True,26.41,2.771,0.0,0.0,0.0,0.0,0.0,131.5866129,9.202,B,120653,True,False,False,False,6,2,2010
2010-02-12,18,79,26535.27,True,26.41,2.771,0.0,0.0,0.0,0.0,0.0,131.5866129,9.202,B,120653,True,False,False,False,6,2,2010
2010-02-12,18,80,41.88,True,26.41,2.771,0.0,0.0,0.0,0.0,0.0,131.5866129,9.202,B,120653,True,False,False,False,6,2,2010
2010-02-12,18,81,11005.35,True,26.41,2.771,0.0,0.0,0.0,0.0,0.0,131.5866129,9.202,B,120653,True,False,False,False,6,2,2010
2010-02-12,18,82,12969.69,True,26.41,2.771,0.0,0.0,0.0,0.0,0.0,131.5866129,9.202,B,120653,True,False,False,False,6,2,2010
2010-02-12,18,83,214.8,True,26.41,2.771,0.0,0.0,0.0,0.0,0.0,131.5866129,9.202,B,120653,True,False,False,False,6,2,2010
2010-02-12,18,85,1346.89,True,26.41,2.771,0.0,0.0,0.0,0.0,0.0,131.5866129,9.202,B,120653,True,False,False,False,6,2,2010
2010-02-12,18,87,17456.97,True,26.41,2.771,0.0,0.0,0.0,0.0,0.0,131.5866129,9.202,B,120653,True,False,False,False,6,2,2010
2010-02-12,18,90,15816.7,True,26.41,2.771,0.0,0.0,0.0,0.0,0.0,131.5866129,9.202,B,120653,True,False,False,False,6,2,2010
2010-02-12,18,91,10237.65,True,26.41,2.771,0.0,0.0,0.0,0.0,0.0,131.5866129,9.202,B,120653,True,False,False,False,6,2,2010
2010-02-12,18,92,42991.74,True,26.41,2.771,0.0,0.0,0.0,0.0,0.0,131.5866129,9.202,B,120653,True,False,False,False,6,2,2010
2010-02-12,18,93,844.62,True,26.41,2.771,0.0,0.0,0.0,0.0,0.0,131.5866129,9.202,B,120653,True,False,False,False,6,2,2010
2010-02-12,18,94,824.32,True,26.41,2.771,0.0,0.0,0.0,0.0,0.0,131.5866129,9.202,B,120653,True,False,False,False,6,2,2010
2010-02-12,18,95,54430.3,True,26.41,2.771,0.0,0.0,0.0,0.0,0.0,131.5866129,9.202,B,120653,True,False,False,False,6,2,2010
2010-02-12,18,97,3995.3,True,26.41,2.771,0.0,0.0,0.0,0.0,0.0,131.5866129,9.202,B,120653,True,False,False,False,6,2,2010
2010-02-12,18,98,581.33,True,26.41,2.771,0.0,0.0,0.0,0.0,0.0,131.5866129,9.202,B,120653,True,False,False,False,6,2,2010
2010-02-19,18,1,26068.39,False,30.91,2.747,0.0,0.0,0.0,0.0,0.0,131.637,9.202,B,120653,False,False,False,False,7,2,2010
2010-02-19,18,2,68031.99,False,30.91,2.747,0.0,0.0,0.0,0.0,0.0,131.637,9.202,B,120653,False,False,False,False,7,2,2010
2010-02-19,18,3,12824.25,False,30.91,2.747,0.0,0.0,0.0,0.0,0.0,131.637,9.202,B,120653,False,False,False,False,7,2,2010
2010-02-19,18,4,26191.65,False,30.91,2.747,0.0,0.0,0.0,0.0,0.0,131.637,9.202,B,120653,False,False,False,False,7,2,2010
2010-02-19,18,5,26520.39,False,30.91,2.747,0.0,0.0,0.0,0.0,0.0,131.637,9.202,B,120653,False,False,False,False,7,2,2010
2010-02-19,18,6,7202.56,False,30.91,2.747,0.0,0.0,0.0,0.0,0.0,131.637,9.202,B,120653,False,False,False,False,7,2,2010
2010-02-19,18,7,28461.13,False,30.91,2.747,0.0,0.0,0.0,0.0,0.0,131.637,9.202,B,120653,False,False,False,False,7,2,2010
2010-02-19,18,8,35934.08,False,30.91,2.747,0.0,0.0,0.0,0.0,0.0,131.637,9.202,B,120653,False,False,False,False,7,2,2010
2010-02-19,18,9,11570.91,False,30.91,2.747,0.0,0.0,0.0,0.0,0.0,131.637,9.202,B,120653,False,False,False,False,7,2,2010
2010-02-19,18,10,14471.88,False,30.91,2.747,0.0,0.0,0.0,0.0,0.0,131.637,9.202,B,120653,False,False,False,False,7,2,2010
2010-02-19,18,11,18890.16,False,30.91,2.747,0.0,0.0,0.0,0.0,0.0,131.637,9.202,B,120653,False,False,False,False,7,2,2010
2010-02-19,18,12,3402.46,False,30.91,2.747,0.0,0.0,0.0,0.0,0.0,131.637,9.202,B,120653,False,False,False,False,7,2,2010
2010-02-19,18,13,43825.87,False,30.91,2.747,0.0,0.0,0.0,0.0,0.0,131.637,9.202,B,120653,False,False,False,False,7,2,2010
2010-02-19,18,14,23483.5,False,30.91,2.747,0.0,0.0,0.0,0.0,0.0,131.637,9.202,B,120653,False,False,False,False,7,2,2010
2010-02-19,18,16,5582.23,False,30.91,2.747,0.0,0.0,0.0,0.0,0.0,131.637,9.202,B,120653,False,False,False,False,7,2,2010
2010-02-19,18,17,20246.61,False,30.91,2.747,0.0,0.0,0.0,0.0,0.0,131.637,9.202,B,120653,False,False,False,False,7,2,2010
2010-02-19,18,18,12069.47,False,30.91,2.747,0.0,0.0,0.0,0.0,0.0,131.637,9.202,B,120653,False,False,False,False,7,2,2010
2010-02-19,18,19,3188.03,False,30.91,2.747,0.0,0.0,0.0,0.0,0.0,131.637,9.202,B,120653,False,False,False,False,7,2,2010
2010-02-19,18,20,10618.6,False,30.91,2.747,0.0,0.0,0.0,0.0,0.0,131.637,9.202,B,120653,False,False,False,False,7,2,2010
2010-02-19,18,21,6012.66,False,30.91,2.747,0.0,0.0,0.0,0.0,0.0,131.637,9.202,B,120653,False,False,False,False,7,2,2010
2010-02-19,18,22,22215.36,False,30.91,2.747,0.0,0.0,0.0,0.0,0.0,131.637,9.202,B,120653,False,False,False,False,7,2,2010
2010-02-19,18,23,34197.75,False,30.91,2.747,0.0,0.0,0.0,0.0,0.0,131.637,9.202,B,120653,False,False,False,False,7,2,2010
2010-02-19,18,24,8918.96,False,30.91,2.747,0.0,0.0,0.0,0.0,0.0,131.637,9.202,B,120653,False,False,False,False,7,2,2010
2010-02-19,18,25,15266.12,False,30.91,2.747,0.0,0.0,0.0,0.0,0.0,131.637,9.202,B,120653,False,False,False,False,7,2,2010
2010-02-19,18,26,11253.15,False,30.91,2.747,0.0,0.0,0.0,0.0,0.0,131.637,9.202,B,120653,False,False,False,False,7,2,2010
2010-02-19,18,27,3893.88,False,30.91,2.747,0.0,0.0,0.0,0.0,0.0,131.637,9.202,B,120653,False,False,False,False,7,2,2010
2010-02-19,18,28,2063.22,False,30.91,2.747,0.0,0.0,0.0,0.0,0.0,131.637,9.202,B,120653,False,False,False,False,7,2,2010
2010-02-19,18,29,10095.94,False,30.91,2.747,0.0,0.0,0.0,0.0,0.0,131.637,9.202,B,120653,False,False,False,False,7,2,2010
2010-02-19,18,30,7853.0,False,30.91,2.747,0.0,0.0,0.0,0.0,0.0,131.637,9.202,B,120653,False,False,False,False,7,2,2010
2010-02-19,18,31,3140.08,False,30.91,2.747,0.0,0.0,0.0,0.0,0.0,131.637,9.202,B,120653,False,False,False,False,7,2,2010
2010-02-19,18,32,16962.7,False,30.91,2.747,0.0,0.0,0.0,0.0,0.0,131.637,9.202,B,120653,False,False,False,False,7,2,2010
2010-02-19,18,33,9792.82,False,30.91,2.747,0.0,0.0,0.0,0.0,0.0,131.637,9.202,B,120653,False,False,False,False,7,2,2010
2010-02-19,18,34,23868.22,False,30.91,2.747,0.0,0.0,0.0,0.0,0.0,131.637,9.202,B,120653,False,False,False,False,7,2,2010
2010-02-19,18,35,2744.42,False,30.91,2.747,0.0,0.0,0.0,0.0,0.0,131.637,9.202,B,120653,False,False,False,False,7,2,2010
2010-02-19,18,36,1393.5,False,30.91,2.747,0.0,0.0,0.0,0.0,0.0,131.637,9.202,B,120653,False,False,False,False,7,2,2010
2010-02-19,18,38,64172.48,False,30.91,2.747,0.0,0.0,0.0,0.0,0.0,131.637,9.202,B,120653,False,False,False,False,7,2,2010
2010-02-19,18,40,71668.6,False,30.91,2.747,0.0,0.0,0.0,0.0,0.0,131.637,9.202,B,120653,False,False,False,False,7,2,2010
2010-02-19,18,41,419.48,False,30.91,2.747,0.0,0.0,0.0,0.0,0.0,131.637,9.202,B,120653,False,False,False,False,7,2,2010
2010-02-19,18,42,5552.53,False,30.91,2.747,0.0,0.0,0.0,0.0,0.0,131.637,9.202,B,120653,False,False,False,False,7,2,2010
2010-02-19,18,44,5669.01,False,30.91,2.747,0.0,0.0,0.0,0.0,0.0,131.637,9.202,B,120653,False,False,False,False,7,2,2010
2010-02-19,18,45,10.47,False,30.91,2.747,0.0,0.0,0.0,0.0,0.0,131.637,9.202,B,120653,False,False,False,False,7,2,2010
2010-02-19,18,46,25336.88,False,30.91,2.747,0.0,0.0,0.0,0.0,0.0,131.637,9.202,B,120653,False,False,False,False,7,2,2010
2010-02-19,18,48,10.0,False,30.91,2.747,0.0,0.0,0.0,0.0,0.0,131.637,9.202,B,120653,False,False,False,False,7,2,2010
2010-02-19,18,49,17234.83,False,30.91,2.747,0.0,0.0,0.0,0.0,0.0,131.637,9.202,B,120653,False,False,False,False,7,2,2010
2010-02-19,18,51,13.12,False,30.91,2.747,0.0,0.0,0.0,0.0,0.0,131.637,9.202,B,120653,False,False,False,False,7,2,2010
2010-02-19,18,52,3464.91,False,30.91,2.747,0.0,0.0,0.0,0.0,0.0,131.637,9.202,B,120653,False,False,False,False,7,2,2010
2010-02-19,18,54,316.0,False,30.91,2.747,0.0,0.0,0.0,0.0,0.0,131.637,9.202,B,120653,False,False,False,False,7,2,2010
2010-02-19,18,55,21714.33,False,30.91,2.747,0.0,0.0,0.0,0.0,0.0,131.637,9.202,B,120653,False,False,False,False,7,2,2010
2010-02-19,18,56,1135.3,False,30.91,2.747,0.0,0.0,0.0,0.0,0.0,131.637,9.202,B,120653,False,False,False,False,7,2,2010
2010-02-19,18,58,2497.0,False,30.91,2.747,0.0,0.0,0.0,0.0,0.0,131.637,9.202,B,120653,False,False,False,False,7,2,2010
2010-02-19,18,59,979.77,False,30.91,2.747,0.0,0.0,0.0,0.0,0.0,131.637,9.202,B,120653,False,False,False,False,7,2,2010
2010-02-19,18,60,14.0,False,30.91,2.747,0.0,0.0,0.0,0.0,0.0,131.637,9.202,B,120653,False,False,False,False,7,2,2010
2010-02-19,18,67,13417.63,False,30.91,2.747,0.0,0.0,0.0,0.0,0.0,131.637,9.202,B,120653,False,False,False,False,7,2,2010
2010-02-19,18,71,12626.62,False,30.91,2.747,0.0,0.0,0.0,0.0,0.0,131.637,9.202,B,120653,False,False,False,False,7,2,2010
2010-02-19,18,72,112679.67,False,30.91,2.747,0.0,0.0,0.0,0.0,0.0,131.637,9.202,B,120653,False,False,False,False,7,2,2010
2010-02-19,18,74,20764.51,False,30.91,2.747,0.0,0.0,0.0,0.0,0.0,131.637,9.202,B,120653,False,False,False,False,7,2,2010
2010-02-19,18,79,28095.2,False,30.91,2.747,0.0,0.0,0.0,0.0,0.0,131.637,9.202,B,120653,False,False,False,False,7,2,2010
2010-02-19,18,81,10459.32,False,30.91,2.747,0.0,0.0,0.0,0.0,0.0,131.637,9.202,B,120653,False,False,False,False,7,2,2010
2010-02-19,18,82,13072.35,False,30.91,2.747,0.0,0.0,0.0,0.0,0.0,131.637,9.202,B,120653,False,False,False,False,7,2,2010
2010-02-19,18,83,367.84,False,30.91,2.747,0.0,0.0,0.0,0.0,0.0,131.637,9.202,B,120653,False,False,False,False,7,2,2010
2010-02-19,18,85,1869.86,False,30.91,2.747,0.0,0.0,0.0,0.0,0.0,131.637,9.202,B,120653,False,False,False,False,7,2,2010
2010-02-19,18,87,17817.6,False,30.91,2.747,0.0,0.0,0.0,0.0,0.0,131.637,9.202,B,120653,False,False,False,False,7,2,2010
2010-02-19,18,90,15733.07,False,30.91,2.747,0.0,0.0,0.0,0.0,0.0,131.637,9.202,B,120653,False,False,False,False,7,2,2010
2010-02-19,18,91,8917.14,False,30.91,2.747,0.0,0.0,0.0,0.0,0.0,131.637,9.202,B,120653,False,False,False,False,7,2,2010
2010-02-19,18,92,39553.43,False,30.91,2.747,0.0,0.0,0.0,0.0,0.0,131.637,9.202,B,120653,False,False,False,False,7,2,2010
2010-02-19,18,93,698.74,False,30.91,2.747,0.0,0.0,0.0,0.0,0.0,131.637,9.202,B,120653,False,False,False,False,7,2,2010
2010-02-19,18,94,2117.3,False,30.91,2.747,0.0,0.0,0.0,0.0,0.0,131.637,9.202,B,120653,False,False,False,False,7,2,2010
2010-02-19,18,95,49942.67,False,30.91,2.747,0.0,0.0,0.0,0.0,0.0,131.637,9.202,B,120653,False,False,False,False,7,2,2010
2010-02-19,18,97,3760.96,False,30.91,2.747,0.0,0.0,0.0,0.0,0.0,131.637,9.202,B,120653,False,False,False,False,7,2,2010
2010-02-19,18,98,304.86,False,30.91,2.747,0.0,0.0,0.0,0.0,0.0,131.637,9.202,B,120653,False,False,False,False,7,2,2010
2010-02-26,18,1,16951.62,False,35.42,2.753,0.0,0.0,0.0,0.0,0.0,131.686,9.202,B,120653,False,False,False,False,8,2,2010
2010-02-26,18,2,64838.86,False,35.42,2.753,0.0,0.0,0.0,0.0,0.0,131.686,9.202,B,120653,False,False,False,False,8,2,2010
2010-02-26,18,3,14382.83,False,35.42,2.753,0.0,0.0,0.0,0.0,0.0,131.686,9.202,B,120653,False,False,False,False,8,2,2010
2010-02-26,18,4,26124.41,False,35.42,2.753,0.0,0.0,0.0,0.0,0.0,131.686,9.202,B,120653,False,False,False,False,8,2,2010
2010-02-26,18,5,19970.44,False,35.42,2.753,0.0,0.0,0.0,0.0,0.0,131.686,9.202,B,120653,False,False,False,False,8,2,2010
2010-02-26,18,6,6782.27,False,35.42,2.753,0.0,0.0,0.0,0.0,0.0,131.686,9.202,B,120653,False,False,False,False,8,2,2010
2010-02-26,18,7,23222.91,False,35.42,2.753,0.0,0.0,0.0,0.0,0.0,131.686,9.202,B,120653,False,False,False,False,8,2,2010
2010-02-26,18,8,36394.45,False,35.42,2.753,0.0,0.0,0.0,0.0,0.0,131.686,9.202,B,120653,False,False,False,False,8,2,2010
2010-02-26,18,9,13830.17,False,35.42,2.753,0.0,0.0,0.0,0.0,0.0,131.686,9.202,B,120653,False,False,False,False,8,2,2010
2010-02-26,18,10,15740.41,False,35.42,2.753,0.0,0.0,0.0,0.0,0.0,131.686,9.202,B,120653,False,False,False,False,8,2,2010
2010-02-26,18,11,17428.18,False,35.42,2.753,0.0,0.0,0.0,0.0,0.0,131.686,9.202,B,120653,False,False,False,False,8,2,2010
2010-02-26,18,12,3801.89,False,35.42,2.753,0.0,0.0,0.0,0.0,0.0,131.686,9.202,B,120653,False,False,False,False,8,2,2010
2010-02-26,18,13,45534.82,False,35.42,2.753,0.0,0.0,0.0,0.0,0.0,131.686,9.202,B,120653,False,False,False,False,8,2,2010
2010-02-26,18,14,24230.12,False,35.42,2.753,0.0,0.0,0.0,0.0,0.0,131.686,9.202,B,120653,False,False,False,False,8,2,2010
2010-02-26,18,16,6101.78,False,35.42,2.753,0.0,0.0,0.0,0.0,0.0,131.686,9.202,B,120653,False,False,False,False,8,2,2010
2010-02-26,18,17,20133.64,False,35.42,2.753,0.0,0.0,0.0,0.0,0.0,131.686,9.202,B,120653,False,False,False,False,8,2,2010
2010-02-26,18,18,1226.39,False,35.42,2.753,0.0,0.0,0.0,0.0,0.0,131.686,9.202,B,120653,False,False,False,False,8,2,2010
2010-02-26,18,19,3040.87,False,35.42,2.753,0.0,0.0,0.0,0.0,0.0,131.686,9.202,B,120653,False,False,False,False,8,2,2010
2010-02-26,18,20,10322.27,False,35.42,2.753,0.0,0.0,0.0,0.0,0.0,131.686,9.202,B,120653,False,False,False,False,8,2,2010
2010-02-26,18,21,5958.34,False,35.42,2.753,0.0,0.0,0.0,0.0,0.0,131.686,9.202,B,120653,False,False,False,False,8,2,2010
2010-02-26,18,22,19603.59,False,35.42,2.753,0.0,0.0,0.0,0.0,0.0,131.686,9.202,B,120653,False,False,False,False,8,2,2010
2010-02-26,18,23,29875.78,False,35.42,2.753,0.0,0.0,0.0,0.0,0.0,131.686,9.202,B,120653,False,False,False,False,8,2,2010
2010-02-26,18,24,9719.22,False,35.42,2.753,0.0,0.0,0.0,0.0,0.0,131.686,9.202,B,120653,False,False,False,False,8,2,2010
2010-02-26,18,25,15290.75,False,35.42,2.753,0.0,0.0,0.0,0.0,0.0,131.686,9.202,B,120653,False,False,False,False,8,2,2010
2010-02-26,18,26,10816.52,False,35.42,2.753,0.0,0.0,0.0,0.0,0.0,131.686,9.202,B,120653,False,False,False,False,8,2,2010
2010-02-26,18,27,3435.38,False,35.42,2.753,0.0,0.0,0.0,0.0,0.0,131.686,9.202,B,120653,False,False,False,False,8,2,2010
2010-02-26,18,28,1999.41,False,35.42,2.753,0.0,0.0,0.0,0.0,0.0,131.686,9.202,B,120653,False,False,False,False,8,2,2010
2010-02-26,18,29,8781.28,False,35.42,2.753,0.0,0.0,0.0,0.0,0.0,131.686,9.202,B,120653,False,False,False,False,8,2,2010
2010-02-26,18,30,6276.5,False,35.42,2.753,0.0,0.0,0.0,0.0,0.0,131.686,9.202,B,120653,False,False,False,False,8,2,2010
2010-02-26,18,31,3361.34,False,35.42,2.753,0.0,0.0,0.0,0.0,0.0,131.686,9.202,B,120653,False,False,False,False,8,2,2010
2010-02-26,18,32,8040.99,False,35.42,2.753,0.0,0.0,0.0,0.0,0.0,131.686,9.202,B,120653,False,False,False,False,8,2,2010
2010-02-26,18,33,9753.44,False,35.42,2.753,0.0,0.0,0.0,0.0,0.0,131.686,9.202,B,120653,False,False,False,False,8,2,2010
2010-02-26,18,34,22038.01,False,35.42,2.753,0.0,0.0,0.0,0.0,0.0,131.686,9.202,B,120653,False,False,False,False,8,2,2010
2010-02-26,18,35,3673.0,False,35.42,2.753,0.0,0.0,0.0,0.0,0.0,131.686,9.202,B,120653,False,False,False,False,8,2,2010
2010-02-26,18,36,1450.5,False,35.42,2.753,0.0,0.0,0.0,0.0,0.0,131.686,9.202,B,120653,False,False,False,False,8,2,2010
2010-02-26,18,38,82610.56,False,35.42,2.753,0.0,0.0,0.0,0.0,0.0,131.686,9.202,B,120653,False,False,False,False,8,2,2010
2010-02-26,18,40,69547.34,False,35.42,2.753,0.0,0.0,0.0,0.0,0.0,131.686,9.202,B,120653,False,False,False,False,8,2,2010
2010-02-26,18,41,360.9,False,35.42,2.753,0.0,0.0,0.0,0.0,0.0,131.686,9.202,B,120653,False,False,False,False,8,2,2010
2010-02-26,18,42,5400.18,False,35.42,2.753,0.0,0.0,0.0,0.0,0.0,131.686,9.202,B,120653,False,False,False,False,8,2,2010
2010-02-26,18,44,5917.09,False,35.42,2.753,0.0,0.0,0.0,0.0,0.0,131.686,9.202,B,120653,False,False,False,False,8,2,2010
2010-02-26,18,46,24386.78,False,35.42,2.753,0.0,0.0,0.0,0.0,0.0,131.686,9.202,B,120653,False,False,False,False,8,2,2010
2010-02-26,18,49,15448.26,False,35.42,2.753,0.0,0.0,0.0,0.0,0.0,131.686,9.202,B,120653,False,False,False,False,8,2,2010
2010-02-26,18,50,75.0,False,35.42,2.753,0.0,0.0,0.0,0.0,0.0,131.686,9.202,B,120653,False,False,False,False,8,2,2010
2010-02-26,18,51,6.12,False,35.42,2.753,0.0,0.0,0.0,0.0,0.0,131.686,9.202,B,120653,False,False,False,False,8,2,2010
2010-02-26,18,52,3594.16,False,35.42,2.753,0.0,0.0,0.0,0.0,0.0,131.686,9.202,B,120653,False,False,False,False,8,2,2010
2010-02-26,18,54,215.0,False,35.42,2.753,0.0,0.0,0.0,0.0,0.0,131.686,9.202,B,120653,False,False,False,False,8,2,2010
2010-02-26,18,55,12250.61,False,35.42,2.753,0.0,0.0,0.0,0.0,0.0,131.686,9.202,B,120653,False,False,False,False,8,2,2010
2010-02-26,18,56,1942.2,False,35.42,2.753,0.0,0.0,0.0,0.0,0.0,131.686,9.202,B,120653,False,False,False,False,8,2,2010
2010-02-26,18,58,4461.0,False,35.42,2.753,0.0,0.0,0.0,0.0,0.0,131.686,9.202,B,120653,False,False,False,False,8,2,2010
2010-02-26,18,59,709.39,False,35.42,2.753,0.0,0.0,0.0,0.0,0.0,131.686,9.202,B,120653,False,False,False,False,8,2,2010
2010-02-26,18,60,7.0,False,35.42,2.753,0.0,0.0,0.0,0.0,0.0,131.686,9.202,B,120653,False,False,False,False,8,2,2010
2010-02-26,18,67,6875.8,False,35.42,2.753,0.0,0.0,0.0,0.0,0.0,131.686,9.202,B,120653,False,False,False,False,8,2,2010
2010-02-26,18,71,11736.64,False,35.42,2.753,0.0,0.0,0.0,0.0,0.0,131.686,9.202,B,120653,False,False,False,False,8,2,2010
2010-02-26,18,72,84118.68,False,35.42,2.753,0.0,0.0,0.0,0.0,0.0,131.686,9.202,B,120653,False,False,False,False,8,2,2010
2010-02-26,18,74,20864.68,False,35.42,2.753,0.0,0.0,0.0,0.0,0.0,131.686,9.202,B,120653,False,False,False,False,8,2,2010
2010-02-26,18,79,26365.29,False,35.42,2.753,0.0,0.0,0.0,0.0,0.0,131.686,9.202,B,120653,False,False,False,False,8,2,2010
2010-02-26,18,80,59.88,False,35.42,2.753,0.0,0.0,0.0,0.0,0.0,131.686,9.202,B,120653,False,False,False,False,8,2,2010
2010-02-26,18,81,10595.05,False,35.42,2.753,0.0,0.0,0.0,0.0,0.0,131.686,9.202,B,120653,False,False,False,False,8,2,2010
2010-02-26,18,82,12136.71,False,35.42,2.753,0.0,0.0,0.0,0.0,0.0,131.686,9.202,B,120653,False,False,False,False,8,2,2010
2010-02-26,18,83,836.78,False,35.42,2.753,0.0,0.0,0.0,0.0,0.0,131.686,9.202,B,120653,False,False,False,False,8,2,2010
2010-02-26,18,85,1493.03,False,35.42,2.753,0.0,0.0,0.0,0.0,0.0,131.686,9.202,B,120653,False,False,False,False,8,2,2010
2010-02-26,18,87,15795.73,False,35.42,2.753,0.0,0.0,0.0,0.0,0.0,131.686,9.202,B,120653,False,False,False,False,8,2,2010
2010-02-26,18,90,15295.27,False,35.42,2.753,0.0,0.0,0.0,0.0,0.0,131.686,9.202,B,120653,False,False,False,False,8,2,2010
2010-02-26,18,91,8728.63,False,35.42,2.753,0.0,0.0,0.0,0.0,0.0,131.686,9.202,B,120653,False,False,False,False,8,2,2010
2010-02-26,18,92,40070.14,False,35.42,2.753,0.0,0.0,0.0,0.0,0.0,131.686,9.202,B,120653,False,False,False,False,8,2,2010
2010-02-26,18,93,780.7,False,35.42,2.753,0.0,0.0,0.0,0.0,0.0,131.686,9.202,B,120653,False,False,False,False,8,2,2010
2010-02-26,18,94,4.9,False,35.42,2.753,0.0,0.0,0.0,0.0,0.0,131.686,9.202,B,120653,False,False,False,False,8,2,2010
2010-02-26,18,95,51817.09,False,35.42,2.753,0.0,0.0,0.0,0.0,0.0,131.686,9.202,B,120653,False,False,False,False,8,2,2010
2010-02-26,18,97,3518.48,False,35.42,2.753,0.0,0.0,0.0,0.0,0.0,131.686,9.202,B,120653,False,False,False,False,8,2,2010
2010-03-05,18,1,19966.98,False,37.17,2.766,0.0,0.0,0.0,0.0,0.0,131.735,9.202,B,120653,False,False,False,False,9,3,2010
2010-03-05,18,2,69987.22,False,37.17,2.766,0.0,0.0,0.0,0.0,0.0,131.735,9.202,B,120653,False,False,False,False,9,3,2010
2010-03-05,18,3,13965.88,False,37.17,2.766,0.0,0.0,0.0,0.0,0.0,131.735,9.202,B,120653,False,False,False,False,9,3,2010
2010-03-05,18,4,29278.65,False,37.17,2.766,0.0,0.0,0.0,0.0,0.0,131.735,9.202,B,120653,False,False,False,False,9,3,2010
2010-03-05,18,5,29314.07,False,37.17,2.766,0.0,0.0,0.0,0.0,0.0,131.735,9.202,B,120653,False,False,False,False,9,3,2010
2010-03-05,18,6,5232.58,False,37.17,2.766,0.0,0.0,0.0,0.0,0.0,131.735,9.202,B,120653,False,False,False,False,9,3,2010
2010-03-05,18,7,25270.78,False,37.17,2.766,0.0,0.0,0.0,0.0,0.0,131.735,9.202,B,120653,False,False,False,False,9,3,2010
2010-03-05,18,8,37315.41,False,37.17,2.766,0.0,0.0,0.0,0.0,0.0,131.735,9.202,B,120653,False,False,False,False,9,3,2010
2010-03-05,18,9,16573.07,False,37.17,2.766,0.0,0.0,0.0,0.0,0.0,131.735,9.202,B,120653,False,False,False,False,9,3,2010
2010-03-05,18,10,16733.54,False,37.17,2.766,0.0,0.0,0.0,0.0,0.0,131.735,9.202,B,120653,False,False,False,False,9,3,2010
2010-03-05,18,11,17320.41,False,37.17,2.766,0.0,0.0,0.0,0.0,0.0,131.735,9.202,B,120653,False,False,False,False,9,3,2010
2010-03-05,18,12,4117.0,False,37.17,2.766,0.0,0.0,0.0,0.0,0.0,131.735,9.202,B,120653,False,False,False,False,9,3,2010
2010-03-05,18,13,48847.84,False,37.17,2.766,0.0,0.0,0.0,0.0,0.0,131.735,9.202,B,120653,False,False,False,False,9,3,2010
2010-03-05,18,14,30125.03,False,37.17,2.766,0.0,0.0,0.0,0.0,0.0,131.735,9.202,B,120653,False,False,False,False,9,3,2010
2010-03-05,18,16,7661.89,False,37.17,2.766,0.0,0.0,0.0,0.0,0.0,131.735,9.202,B,120653,False,False,False,False,9,3,2010
2010-03-05,18,17,21040.14,False,37.17,2.766,0.0,0.0,0.0,0.0,0.0,131.735,9.202,B,120653,False,False,False,False,9,3,2010
2010-03-05,18,18,675.38,False,37.17,2.766,0.0,0.0,0.0,0.0,0.0,131.735,9.202,B,120653,False,False,False,False,9,3,2010
2010-03-05,18,19,3112.08,False,37.17,2.766,0.0,0.0,0.0,0.0,0.0,131.735,9.202,B,120653,False,False,False,False,9,3,2010
2010-03-05,18,20,12689.58,False,37.17,2.766,0.0,0.0,0.0,0.0,0.0,131.735,9.202,B,120653,False,False,False,False,9,3,2010
2010-03-05,18,21,6783.19,False,37.17,2.766,0.0,0.0,0.0,0.0,0.0,131.735,9.202,B,120653,False,False,False,False,9,3,2010
2010-03-05,18,22,19956.71,False,37.17,2.766,0.0,0.0,0.0,0.0,0.0,131.735,9.202,B,120653,False,False,False,False,9,3,2010
2010-03-05,18,23,31829.59,False,37.17,2.766,0.0,0.0,0.0,0.0,0.0,131.735,9.202,B,120653,False,False,False,False,9,3,2010
2010-03-05,18,24,9686.84,False,37.17,2.766,0.0,0.0,0.0,0.0,0.0,131.735,9.202,B,120653,False,False,False,False,9,3,2010
2010-03-05,18,25,15382.0,False,37.17,2.766,0.0,0.0,0.0,0.0,0.0,131.735,9.202,B,120653,False,False,False,False,9,3,2010
2010-03-05,18,26,11817.15,False,37.17,2.766,0.0,0.0,0.0,0.0,0.0,131.735,9.202,B,120653,False,False,False,False,9,3,2010
2010-03-05,18,27,3290.0,False,37.17,2.766,0.0,0.0,0.0,0.0,0.0,131.735,9.202,B,120653,False,False,False,False,9,3,2010
2010-03-05,18,28,1931.13,False,37.17,2.766,0.0,0.0,0.0,0.0,0.0,131.735,9.202,B,120653,False,False,False,False,9,3,2010
2010-03-05,18,29,8472.06,False,37.17,2.766,0.0,0.0,0.0,0.0,0.0,131.735,9.202,B,120653,False,False,False,False,9,3,2010
2010-03-05,18,30,7288.93,False,37.17,2.766,0.0,0.0,0.0,0.0,0.0,131.735,9.202,B,120653,False,False,False,False,9,3,2010
2010-03-05,18,31,3007.8,False,37.17,2.766,0.0,0.0,0.0,0.0,0.0,131.735,9.202,B,120653,False,False,False,False,9,3,2010
2010-03-05,18,32,7620.81,False,37.17,2.766,0.0,0.0,0.0,0.0,0.0,131.735,9.202,B,120653,False,False,False,False,9,3,2010
2010-03-05,18,33,9929.72,False,37.17,2.766,0.0,0.0,0.0,0.0,0.0,131.735,9.202,B,120653,False,False,False,False,9,3,2010
2010-03-05,18,34,24260.89,False,37.17,2.766,0.0,0.0,0.0,0.0,0.0,131.735,9.202,B,120653,False,False,False,False,9,3,2010
2010-03-05,18,35,4112.0,False,37.17,2.766,0.0,0.0,0.0,0.0,0.0,131.735,9.202,B,120653,False,False,False,False,9,3,2010
2010-03-05,18,36,1604.5,False,37.17,2.766,0.0,0.0,0.0,0.0,0.0,131.735,9.202,B,120653,False,False,False,False,9,3,2010
2010-03-05,18,38,83154.88,False,37.17,2.766,0.0,0.0,0.0,0.0,0.0,131.735,9.202,B,120653,False,False,False,False,9,3,2010
2010-03-05,18,40,74400.93,False,37.17,2.766,0.0,0.0,0.0,0.0,0.0,131.735,9.202,B,120653,False,False,False,False,9,3,2010
2010-03-05,18,41,220.63,False,37.17,2.766,0.0,0.0,0.0,0.0,0.0,131.735,9.202,B,120653,False,False,False,False,9,3,2010
2010-03-05,18,42,6992.33,False,37.17,2.766,0.0,0.0,0.0,0.0,0.0,131.735,9.202,B,120653,False,False,False,False,9,3,2010
2010-03-05,18,44,5511.19,False,37.17,2.766,0.0,0.0,0.0,0.0,0.0,131.735,9.202,B,120653,False,False,False,False,9,3,2010
2010-03-05,18,45,10.47,False,37.17,2.766,0.0,0.0,0.0,0.0,0.0,131.735,9.202,B,120653,False,False,False,False,9,3,2010
2010-03-05,18,46,27611.01,False,37.17,2.766,0.0,0.0,0.0,0.0,0.0,131.735,9.202,B,120653,False,False,False,False,9,3,2010
2010-03-05,18,49,18522.15,False,37.17,2.766,0.0,0.0,0.0,0.0,0.0,131.735,9.202,B,120653,False,False,False,False,9,3,2010
2010-03-05,18,51,7.12,False,37.17,2.766,0.0,0.0,0.0,0.0,0.0,131.735,9.202,B,120653,False,False,False,False,9,3,2010
2010-03-05,18,52,3819.62,False,37.17,2.766,0.0,0.0,0.0,0.0,0.0,131.735,9.202,B,120653,False,False,False,False,9,3,2010
2010-03-05,18,54,153.5,False,37.17,2.766,0.0,0.0,0.0,0.0,0.0,131.735,9.202,B,120653,False,False,False,False,9,3,2010
2010-03-05,18,55,13853.01,False,37.17,2.766,0.0,0.0,0.0,0.0,0.0,131.735,9.202,B,120653,False,False,False,False,9,3,2010
2010-03-05,18,56,1936.28,False,37.17,2.766,0.0,0.0,0.0,0.0,0.0,131.735,9.202,B,120653,False,False,False,False,9,3,2010
2010-03-05,18,58,2560.0,False,37.17,2.766,0.0,0.0,0.0,0.0,0.0,131.735,9.202,B,120653,False,False,False,False,9,3,2010
2010-03-05,18,59,577.56,False,37.17,2.766,0.0,0.0,0.0,0.0,0.0,131.735,9.202,B,120653,False,False,False,False,9,3,2010
2010-03-05,18,67,7612.63,False,37.17,2.766,0.0,0.0,0.0,0.0,0.0,131.735,9.202,B,120653,False,False,False,False,9,3,2010
2010-03-05,18,71,12679.41,False,37.17,2.766,0.0,0.0,0.0,0.0,0.0,131.735,9.202,B,120653,False,False,False,False,9,3,2010
2010-03-05,18,72,103226.76,False,37.17,2.766,0.0,0.0,0.0,0.0,0.0,131.735,9.202,B,120653,False,False,False,False,9,3,2010
2010-03-05,18,74,25964.36,False,37.17,2.766,0.0,0.0,0.0,0.0,0.0,131.735,9.202,B,120653,False,False,False,False,9,3,2010
2010-03-05,18,79,30552.05,False,37.17,2.766,0.0,0.0,0.0,0.0,0.0,131.735,9.202,B,120653,False,False,False,False,9,3,2010
2010-03-05,18,81,12154.32,False,37.17,2.766,0.0,0.0,0.0,0.0,0.0,131.735,9.202,B,120653,False,False,False,False,9,3,2010
2010-03-05,18,82,12815.37,False,37.17,2.766,0.0,0.0,0.0,0.0,0.0,131.735,9.202,B,120653,False,False,False,False,9,3,2010
2010-03-05,18,83,743.12,False,37.17,2.766,0.0,0.0,0.0,0.0,0.0,131.735,9.202,B,120653,False,False,False,False,9,3,2010
2010-03-05,18,85,1232.55,False,37.17,2.766,0.0,0.0,0.0,0.0,0.0,131.735,9.202,B,120653,False,False,False,False,9,3,2010
2010-03-05,18,87,19124.94,False,37.17,2.766,0.0,0.0,0.0,0.0,0.0,131.735,9.202,B,120653,False,False,False,False,9,3,2010
2010-03-05,18,90,16331.03,False,37.17,2.766,0.0,0.0,0.0,0.0,0.0,131.735,9.202,B,120653,False,False,False,False,9,3,2010
2010-03-05,18,91,10296.86,False,37.17,2.766,0.0,0.0,0.0,0.0,0.0,131.735,9.202,B,120653,False,False,False,False,9,3,2010
2010-03-05,18,92,48362.42,False,37.17,2.766,0.0,0.0,0.0,0.0,0.0,131.735,9.202,B,120653,False,False,False,False,9,3,2010
2010-03-05,18,93,925.12,False,37.17,2.766,0.0,0.0,0.0,0.0,0.0,131.735,9.202,B,120653,False,False,False,False,9,3,2010
2010-03-05,18,94,2.96,False,37.17,2.766,0.0,0.0,0.0,0.0,0.0,131.735,9.202,B,120653,False,False,False,False,9,3,2010
2010-03-05,18,95,57828.6,False,37.17,2.766,0.0,0.0,0.0,0.0,0.0,131.735,9.202,B,120653,False,False,False,False,9,3,2010
2010-03-05,18,97,4347.51,False,37.17,2.766,0.0,0.0,0.0,0.0,0.0,131.735,9.202,B,120653,False,False,False,False,9,3,2010
2010-03-05,18,98,6.96,False,37.17,2.766,0.0,0.0,0.0,0.0,0.0,131.735,9.202,B,120653,False,False,False,False,9,3,2010
2010-03-12,18,1,20363.22,False,42.39,2.805,0.0,0.0,0.0,0.0,0.0,131.784,9.202,B,120653,False,False,False,False,10,3,2010
2010-03-12,18,2,66902.4,False,42.39,2.805,0.0,0.0,0.0,0.0,0.0,131.784,9.202,B,120653,False,False,False,False,10,3,2010
2010-03-12,18,3,13218.8,False,42.39,2.805,0.0,0.0,0.0,0.0,0.0,131.784,9.202,B,120653,False,False,False,False,10,3,2010
2010-03-12,18,4,26308.12,False,42.39,2.805,0.0,0.0,0.0,0.0,0.0,131.784,9.202,B,120653,False,False,False,False,10,3,2010
2010-03-12,18,5,33283.42,False,42.39,2.805,0.0,0.0,0.0,0.0,0.0,131.784,9.202,B,120653,False,False,False,False,10,3,2010
2010-03-12,18,6,6015.76,False,42.39,2.805,0.0,0.0,0.0,0.0,0.0,131.784,9.202,B,120653,False,False,False,False,10,3,2010
2010-03-12,18,7,30068.02,False,42.39,2.805,0.0,0.0,0.0,0.0,0.0,131.784,9.202,B,120653,False,False,False,False,10,3,2010
2010-03-12,18,8,35516.85,False,42.39,2.805,0.0,0.0,0.0,0.0,0.0,131.784,9.202,B,120653,False,False,False,False,10,3,2010
2010-03-12,18,9,16886.17,False,42.39,2.805,0.0,0.0,0.0,0.0,0.0,131.784,9.202,B,120653,False,False,False,False,10,3,2010
2010-03-12,18,10,15942.33,False,42.39,2.805,0.0,0.0,0.0,0.0,0.0,131.784,9.202,B,120653,False,False,False,False,10,3,2010
2010-03-12,18,11,15331.15,False,42.39,2.805,0.0,0.0,0.0,0.0,0.0,131.784,9.202,B,120653,False,False,False,False,10,3,2010
2010-03-12,18,12,4146.41,False,42.39,2.805,0.0,0.0,0.0,0.0,0.0,131.784,9.202,B,120653,False,False,False,False,10,3,2010
2010-03-12,18,13,45134.75,False,42.39,2.805,0.0,0.0,0.0,0.0,0.0,131.784,9.202,B,120653,False,False,False,False,10,3,2010
2010-03-12,18,14,27271.29,False,42.39,2.805,0.0,0.0,0.0,0.0,0.0,131.784,9.202,B,120653,False,False,False,False,10,3,2010
2010-03-12,18,16,12454.11,False,42.39,2.805,0.0,0.0,0.0,0.0,0.0,131.784,9.202,B,120653,False,False,False,False,10,3,2010
2010-03-12,18,17,21199.06,False,42.39,2.805,0.0,0.0,0.0,0.0,0.0,131.784,9.202,B,120653,False,False,False,False,10,3,2010
2010-03-12,18,18,2021.47,False,42.39,2.805,0.0,0.0,0.0,0.0,0.0,131.784,9.202,B,120653,False,False,False,False,10,3,2010
2010-03-12,18,19,3314.69,False,42.39,2.805,0.0,0.0,0.0,0.0,0.0,131.784,9.202,B,120653,False,False,False,False,10,3,2010
2010-03-12,18,20,10316.78,False,42.39,2.805,0.0,0.0,0.0,0.0,0.0,131.784,9.202,B,120653,False,False,False,False,10,3,2010
2010-03-12,18,21,5622.83,False,42.39,2.805,0.0,0.0,0.0,0.0,0.0,131.784,9.202,B,120653,False,False,False,False,10,3,2010
2010-03-12,18,22,15234.61,False,42.39,2.805,0.0,0.0,0.0,0.0,0.0,131.784,9.202,B,120653,False,False,False,False,10,3,2010
2010-03-12,18,23,32519.87,False,42.39,2.805,0.0,0.0,0.0,0.0,0.0,131.784,9.202,B,120653,False,False,False,False,10,3,2010
2010-03-12,18,24,9262.14,False,42.39,2.805,0.0,0.0,0.0,0.0,0.0,131.784,9.202,B,120653,False,False,False,False,10,3,2010
2010-03-12,18,25,16006.5,False,42.39,2.805,0.0,0.0,0.0,0.0,0.0,131.784,9.202,B,120653,False,False,False,False,10,3,2010
2010-03-12,18,26,13667.05,False,42.39,2.805,0.0,0.0,0.0,0.0,0.0,131.784,9.202,B,120653,False,False,False,False,10,3,2010
2010-03-12,18,27,3124.5,False,42.39,2.805,0.0,0.0,0.0,0.0,0.0,131.784,9.202,B,120653,False,False,False,False,10,3,2010
2010-03-12,18,28,2328.46,False,42.39,2.805,0.0,0.0,0.0,0.0,0.0,131.784,9.202,B,120653,False,False,False,False,10,3,2010
2010-03-12,18,29,8529.08,False,42.39,2.805,0.0,0.0,0.0,0.0,0.0,131.784,9.202,B,120653,False,False,False,False,10,3,2010
2010-03-12,18,30,7049.76,False,42.39,2.805,0.0,0.0,0.0,0.0,0.0,131.784,9.202,B,120653,False,False,False,False,10,3,2010
2010-03-12,18,31,3183.14,False,42.39,2.805,0.0,0.0,0.0,0.0,0.0,131.784,9.202,B,120653,False,False,False,False,10,3,2010
2010-03-12,18,32,9680.06,False,42.39,2.805,0.0,0.0,0.0,0.0,0.0,131.784,9.202,B,120653,False,False,False,False,10,3,2010
2010-03-12,18,33,9824.82,False,42.39,2.805,0.0,0.0,0.0,0.0,0.0,131.784,9.202,B,120653,False,False,False,False,10,3,2010
2010-03-12,18,34,21942.5,False,42.39,2.805,0.0,0.0,0.0,0.0,0.0,131.784,9.202,B,120653,False,False,False,False,10,3,2010
2010-03-12,18,35,5085.0,False,42.39,2.805,0.0,0.0,0.0,0.0,0.0,131.784,9.202,B,120653,False,False,False,False,10,3,2010
2010-03-12,18,36,2279.5,False,42.39,2.805,0.0,0.0,0.0,0.0,0.0,131.784,9.202,B,120653,False,False,False,False,10,3,2010
2010-03-12,18,38,90231.58,False,42.39,2.805,0.0,0.0,0.0,0.0,0.0,131.784,9.202,B,120653,False,False,False,False,10,3,2010
2010-03-12,18,40,69578.51,False,42.39,2.805,0.0,0.0,0.0,0.0,0.0,131.784,9.202,B,120653,False,False,False,False,10,3,2010
2010-03-12,18,41,466.97,False,42.39,2.805,0.0,0.0,0.0,0.0,0.0,131.784,9.202,B,120653,False,False,False,False,10,3,2010
2010-03-12,18,42,7272.28,False,42.39,2.805,0.0,0.0,0.0,0.0,0.0,131.784,9.202,B,120653,False,False,False,False,10,3,2010
2010-03-12,18,44,5029.27,False,42.39,2.805,0.0,0.0,0.0,0.0,0.0,131.784,9.202,B,120653,False,False,False,False,10,3,2010
2010-03-12,18,46,25914.91,False,42.39,2.805,0.0,0.0,0.0,0.0,0.0,131.784,9.202,B,120653,False,False,False,False,10,3,2010
2010-03-12,18,49,19673.4,False,42.39,2.805,0.0,0.0,0.0,0.0,0.0,131.784,9.202,B,120653,False,False,False,False,10,3,2010
2010-03-12,18,50,365.0,False,42.39,2.805,0.0,0.0,0.0,0.0,0.0,131.784,9.202,B,120653,False,False,False,False,10,3,2010
2010-03-12,18,51,3.52,False,42.39,2.805,0.0,0.0,0.0,0.0,0.0,131.784,9.202,B,120653,False,False,False,False,10,3,2010
2010-03-12,18,52,4552.47,False,42.39,2.805,0.0,0.0,0.0,0.0,0.0,131.784,9.202,B,120653,False,False,False,False,10,3,2010
2010-03-12,18,54,354.0,False,42.39,2.805,0.0,0.0,0.0,0.0,0.0,131.784,9.202,B,120653,False,False,False,False,10,3,2010
2010-03-12,18,55,11433.62,False,42.39,2.805,0.0,0.0,0.0,0.0,0.0,131.784,9.202,B,120653,False,False,False,False,10,3,2010
2010-03-12,18,56,3317.0,False,42.39,2.805,0.0,0.0,0.0,0.0,0.0,131.784,9.202,B,120653,False,False,False,False,10,3,2010
2010-03-12,18,58,3775.0,False,42.39,2.805,0.0,0.0,0.0,0.0,0.0,131.784,9.202,B,120653,False,False,False,False,10,3,2010
2010-03-12,18,59,860.41,False,42.39,2.805,0.0,0.0,0.0,0.0,0.0,131.784,9.202,B,120653,False,False,False,False,10,3,2010
2010-03-12,18,67,8395.52,False,42.39,2.805,0.0,0.0,0.0,0.0,0.0,131.784,9.202,B,120653,False,False,False,False,10,3,2010
2010-03-12,18,71,12221.75,False,42.39,2.805,0.0,0.0,0.0,0.0,0.0,131.784,9.202,B,120653,False,False,False,False,10,3,2010
2010-03-12,18,72,85954.35,False,42.39,2.805,0.0,0.0,0.0,0.0,0.0,131.784,9.202,B,120653,False,False,False,False,10,3,2010
2010-03-12,18,74,23885.19,False,42.39,2.805,0.0,0.0,0.0,0.0,0.0,131.784,9.202,B,120653,False,False,False,False,10,3,2010
2010-03-12,18,78,12.0,False,42.39,2.805,0.0,0.0,0.0,0.0,0.0,131.784,9.202,B,120653,False,False,False,False,10,3,2010
2010-03-12,18,79,26071.04,False,42.39,2.805,0.0,0.0,0.0,0.0,0.0,131.784,9.202,B,120653,False,False,False,False,10,3,2010
2010-03-12,18,80,7.0,False,42.39,2.805,0.0,0.0,0.0,0.0,0.0,131.784,9.202,B,120653,False,False,False,False,10,3,2010
2010-03-12,18,81,11176.65,False,42.39,2.805,0.0,0.0,0.0,0.0,0.0,131.784,9.202,B,120653,False,False,False,False,10,3,2010
2010-03-12,18,82,12485.79,False,42.39,2.805,0.0,0.0,0.0,0.0,0.0,131.784,9.202,B,120653,False,False,False,False,10,3,2010
2010-03-12,18,83,437.0,False,42.39,2.805,0.0,0.0,0.0,0.0,0.0,131.784,9.202,B,120653,False,False,False,False,10,3,2010
2010-03-12,18,85,1405.94,False,42.39,2.805,0.0,0.0,0.0,0.0,0.0,131.784,9.202,B,120653,False,False,False,False,10,3,2010
2010-03-12,18,87,16377.79,False,42.39,2.805,0.0,0.0,0.0,0.0,0.0,131.784,9.202,B,120653,False,False,False,False,10,3,2010
2010-03-12,18,90,15112.43,False,42.39,2.805,0.0,0.0,0.0,0.0,0.0,131.784,9.202,B,120653,False,False,False,False,10,3,2010
2010-03-12,18,91,8855.27,False,42.39,2.805,0.0,0.0,0.0,0.0,0.0,131.784,9.202,B,120653,False,False,False,False,10,3,2010
2010-03-12,18,92,41328.05,False,42.39,2.805,0.0,0.0,0.0,0.0,0.0,131.784,9.202,B,120653,False,False,False,False,10,3,2010
2010-03-12,18,93,964.6,False,42.39,2.805,0.0,0.0,0.0,0.0,0.0,131.784,9.202,B,120653,False,False,False,False,10,3,2010
2010-03-12,18,94,1.98,False,42.39,2.805,0.0,0.0,0.0,0.0,0.0,131.784,9.202,B,120653,False,False,False,False,10,3,2010
2010-03-12,18,95,56326.66,False,42.39,2.805,0.0,0.0,0.0,0.0,0.0,131.784,9.202,B,120653,False,False,False,False,10,3,2010
2010-03-12,18,97,3917.5,False,42.39,2.805,0.0,0.0,0.0,0.0,0.0,131.784,9.202,B,120653,False,False,False,False,10,3,2010
2010-03-12,18,98,1.25,False,42.39,2.805,0.0,0.0,0.0,0.0,0.0,131.784,9.202,B,120653,False,False,False,False,10,3,2010
2010-03-19,18,1,21332.16,False,45.42,2.834,0.0,0.0,0.0,0.0,0.0,131.8242903,9.202,B,120653,False,False,False,False,11,3,2010
2010-03-19,18,2,67554.49,False,45.42,2.834,0.0,0.0,0.0,0.0,0.0,131.8242903,9.202,B,120653,False,False,False,False,11,3,2010
2010-03-19,18,3,12860.11,False,45.42,2.834,0.0,0.0,0.0,0.0,0.0,131.8242903,9.202,B,120653,False,False,False,False,11,3,2010
2010-03-19,18,4,26507.5,False,45.42,2.834,0.0,0.0,0.0,0.0,0.0,131.8242903,9.202,B,120653,False,False,False,False,11,3,2010
2010-03-19,18,5,35546.25,False,45.42,2.834,0.0,0.0,0.0,0.0,0.0,131.8242903,9.202,B,120653,False,False,False,False,11,3,2010
2010-03-19,18,6,4236.99,False,45.42,2.834,0.0,0.0,0.0,0.0,0.0,131.8242903,9.202,B,120653,False,False,False,False,11,3,2010
2010-03-19,18,7,31624.49,False,45.42,2.834,0.0,0.0,0.0,0.0,0.0,131.8242903,9.202,B,120653,False,False,False,False,11,3,2010
2010-03-19,18,8,36084.67,False,45.42,2.834,0.0,0.0,0.0,0.0,0.0,131.8242903,9.202,B,120653,False,False,False,False,11,3,2010
2010-03-19,18,9,17379.35,False,45.42,2.834,0.0,0.0,0.0,0.0,0.0,131.8242903,9.202,B,120653,False,False,False,False,11,3,2010
2010-03-19,18,10,18117.25,False,45.42,2.834,0.0,0.0,0.0,0.0,0.0,131.8242903,9.202,B,120653,False,False,False,False,11,3,2010
2010-03-19,18,11,14113.73,False,45.42,2.834,0.0,0.0,0.0,0.0,0.0,131.8242903,9.202,B,120653,False,False,False,False,11,3,2010
2010-03-19,18,12,4493.3,False,45.42,2.834,0.0,0.0,0.0,0.0,0.0,131.8242903,9.202,B,120653,False,False,False,False,11,3,2010
2010-03-19,18,13,45229.72,False,45.42,2.834,0.0,0.0,0.0,0.0,0.0,131.8242903,9.202,B,120653,False,False,False,False,11,3,2010
2010-03-19,18,14,23082.08,False,45.42,2.834,0.0,0.0,0.0,0.0,0.0,131.8242903,9.202,B,120653,False,False,False,False,11,3,2010
2010-03-19,18,16,17322.87,False,45.42,2.834,0.0,0.0,0.0,0.0,0.0,131.8242903,9.202,B,120653,False,False,False,False,11,3,2010
2010-03-19,18,17,17648.82,False,45.42,2.834,0.0,0.0,0.0,0.0,0.0,131.8242903,9.202,B,120653,False,False,False,False,11,3,2010
2010-03-19,18,18,2746.59,False,45.42,2.834,0.0,0.0,0.0,0.0,0.0,131.8242903,9.202,B,120653,False,False,False,False,11,3,2010
2010-03-19,18,19,3401.14,False,45.42,2.834,0.0,0.0,0.0,0.0,0.0,131.8242903,9.202,B,120653,False,False,False,False,11,3,2010
2010-03-19,18,20,9878.55,False,45.42,2.834,0.0,0.0,0.0,0.0,0.0,131.8242903,9.202,B,120653,False,False,False,False,11,3,2010
2010-03-19,18,21,5653.43,False,45.42,2.834,0.0,0.0,0.0,0.0,0.0,131.8242903,9.202,B,120653,False,False,False,False,11,3,2010
2010-03-19,18,22,14474.49,False,45.42,2.834,0.0,0.0,0.0,0.0,0.0,131.8242903,9.202,B,120653,False,False,False,False,11,3,2010
2010-03-19,18,23,33000.25,False,45.42,2.834,0.0,0.0,0.0,0.0,0.0,131.8242903,9.202,B,120653,False,False,False,False,11,3,2010
2010-03-19,18,24,9378.08,False,45.42,2.834,0.0,0.0,0.0,0.0,0.0,131.8242903,9.202,B,120653,False,False,False,False,11,3,2010
2010-03-19,18,25,18547.75,False,45.42,2.834,0.0,0.0,0.0,0.0,0.0,131.8242903,9.202,B,120653,False,False,False,False,11,3,2010
2010-03-19,18,26,11185.95,False,45.42,2.834,0.0,0.0,0.0,0.0,0.0,131.8242903,9.202,B,120653,False,False,False,False,11,3,2010
2010-03-19,18,27,3234.5,False,45.42,2.834,0.0,0.0,0.0,0.0,0.0,131.8242903,9.202,B,120653,False,False,False,False,11,3,2010
2010-03-19,18,28,1968.1,False,45.42,2.834,0.0,0.0,0.0,0.0,0.0,131.8242903,9.202,B,120653,False,False,False,False,11,3,2010
2010-03-19,18,29,9473.35,False,45.42,2.834,0.0,0.0,0.0,0.0,0.0,131.8242903,9.202,B,120653,False,False,False,False,11,3,2010
2010-03-19,18,30,6957.88,False,45.42,2.834,0.0,0.0,0.0,0.0,0.0,131.8242903,9.202,B,120653,False,False,False,False,11,3,2010
2010-03-19,18,31,3302.6,False,45.42,2.834,0.0,0.0,0.0,0.0,0.0,131.8242903,9.202,B,120653,False,False,False,False,11,3,2010
2010-03-19,18,32,8479.24,False,45.42,2.834,0.0,0.0,0.0,0.0,0.0,131.8242903,9.202,B,120653,False,False,False,False,11,3,2010
2010-03-19,18,33,10901.28,False,45.42,2.834,0.0,0.0,0.0,0.0,0.0,131.8242903,9.202,B,120653,False,False,False,False,11,3,2010
2010-03-19,18,34,25255.97,False,45.42,2.834,0.0,0.0,0.0,0.0,0.0,131.8242903,9.202,B,120653,False,False,False,False,11,3,2010
2010-03-19,18,35,5376.0,False,45.42,2.834,0.0,0.0,0.0,0.0,0.0,131.8242903,9.202,B,120653,False,False,False,False,11,3,2010
2010-03-19,18,36,2806.0,False,45.42,2.834,0.0,0.0,0.0,0.0,0.0,131.8242903,9.202,B,120653,False,False,False,False,11,3,2010
2010-03-19,18,38,67731.64,False,45.42,2.834,0.0,0.0,0.0,0.0,0.0,131.8242903,9.202,B,120653,False,False,False,False,11,3,2010
2010-03-19,18,40,67060.44,False,45.42,2.834,0.0,0.0,0.0,0.0,0.0,131.8242903,9.202,B,120653,False,False,False,False,11,3,2010
2010-03-19,18,41,412.26,False,45.42,2.834,0.0,0.0,0.0,0.0,0.0,131.8242903,9.202,B,120653,False,False,False,False,11,3,2010
2010-03-19,18,42,6989.83,False,45.42,2.834,0.0,0.0,0.0,0.0,0.0,131.8242903,9.202,B,120653,False,False,False,False,11,3,2010
2010-03-19,18,44,5643.76,False,45.42,2.834,0.0,0.0,0.0,0.0,0.0,131.8242903,9.202,B,120653,False,False,False,False,11,3,2010
2010-03-19,18,45,31.41,False,45.42,2.834,0.0,0.0,0.0,0.0,0.0,131.8242903,9.202,B,120653,False,False,False,False,11,3,2010
2010-03-19,18,46,25211.06,False,45.42,2.834,0.0,0.0,0.0,0.0,0.0,131.8242903,9.202,B,120653,False,False,False,False,11,3,2010
2010-03-19,18,49,16321.05,False,45.42,2.834,0.0,0.0,0.0,0.0,0.0,131.8242903,9.202,B,120653,False,False,False,False,11,3,2010
2010-03-19,18,50,79.0,False,45.42,2.834,0.0,0.0,0.0,0.0,0.0,131.8242903,9.202,B,120653,False,False,False,False,11,3,2010
2010-03-19,18,52,4765.48,False,45.42,2.834,0.0,0.0,0.0,0.0,0.0,131.8242903,9.202,B,120653,False,False,False,False,11,3,2010
2010-03-19,18,54,805.0,False,45.42,2.834,0.0,0.0,0.0,0.0,0.0,131.8242903,9.202,B,120653,False,False,False,False,11,3,2010
2010-03-19,18,55,13435.91,False,45.42,2.834,0.0,0.0,0.0,0.0,0.0,131.8242903,9.202,B,120653,False,False,False,False,11,3,2010
2010-03-19,18,56,3753.88,False,45.42,2.834,0.0,0.0,0.0,0.0,0.0,131.8242903,9.202,B,120653,False,False,False,False,11,3,2010
2010-03-19,18,58,4084.0,False,45.42,2.834,0.0,0.0,0.0,0.0,0.0,131.8242903,9.202,B,120653,False,False,False,False,11,3,2010
2010-03-19,18,59,715.86,False,45.42,2.834,0.0,0.0,0.0,0.0,0.0,131.8242903,9.202,B,120653,False,False,False,False,11,3,2010
2010-03-19,18,67,8053.04,False,45.42,2.834,0.0,0.0,0.0,0.0,0.0,131.8242903,9.202,B,120653,False,False,False,False,11,3,2010
2010-03-19,18,71,7458.4,False,45.42,2.834,0.0,0.0,0.0,0.0,0.0,131.8242903,9.202,B,120653,False,False,False,False,11,3,2010
2010-03-19,18,72,65916.7,False,45.42,2.834,0.0,0.0,0.0,0.0,0.0,131.8242903,9.202,B,120653,False,False,False,False,11,3,2010
2010-03-19,18,74,21729.08,False,45.42,2.834,0.0,0.0,0.0,0.0,0.0,131.8242903,9.202,B,120653,False,False,False,False,11,3,2010
2010-03-19,18,79,25640.78,False,45.42,2.834,0.0,0.0,0.0,0.0,0.0,131.8242903,9.202,B,120653,False,False,False,False,11,3,2010
2010-03-19,18,80,24.86,False,45.42,2.834,0.0,0.0,0.0,0.0,0.0,131.8242903,9.202,B,120653,False,False,False,False,11,3,2010
2010-03-19,18,81,10685.62,False,45.42,2.834,0.0,0.0,0.0,0.0,0.0,131.8242903,9.202,B,120653,False,False,False,False,11,3,2010
2010-03-19,18,82,12192.25,False,45.42,2.834,0.0,0.0,0.0,0.0,0.0,131.8242903,9.202,B,120653,False,False,False,False,11,3,2010
2010-03-19,18,83,989.86,False,45.42,2.834,0.0,0.0,0.0,0.0,0.0,131.8242903,9.202,B,120653,False,False,False,False,11,3,2010
2010-03-19,18,85,974.28,False,45.42,2.834,0.0,0.0,0.0,0.0,0.0,131.8242903,9.202,B,120653,False,False,False,False,11,3,2010
2010-03-19,18,87,13420.97,False,45.42,2.834,0.0,0.0,0.0,0.0,0.0,131.8242903,9.202,B,120653,False,False,False,False,11,3,2010
2010-03-19,18,90,15050.63,False,45.42,2.834,0.0,0.0,0.0,0.0,0.0,131.8242903,9.202,B,120653,False,False,False,False,11,3,2010
2010-03-19,18,91,7793.6,False,45.42,2.834,0.0,0.0,0.0,0.0,0.0,131.8242903,9.202,B,120653,False,False,False,False,11,3,2010
2010-03-19,18,92,38102.1,False,45.42,2.834,0.0,0.0,0.0,0.0,0.0,131.8242903,9.202,B,120653,False,False,False,False,11,3,2010
2010-03-19,18,93,958.28,False,45.42,2.834,0.0,0.0,0.0,0.0,0.0,131.8242903,9.202,B,120653,False,False,False,False,11,3,2010
2010-03-19,18,95,58441.74,False,45.42,2.834,0.0,0.0,0.0,0.0,0.0,131.8242903,9.202,B,120653,False,False,False,False,11,3,2010
2010-03-19,18,97,3882.27,False,45.42,2.834,0.0,0.0,0.0,0.0,0.0,131.8242903,9.202,B,120653,False,False,False,False,11,3,2010
2010-03-26,18,1,29407.82,False,47.55,2.831,0.0,0.0,0.0,0.0,0.0,131.863129,9.202,B,120653,False,False,False,False,12,3,2010
2010-03-26,18,2,65680.5,False,47.55,2.831,0.0,0.0,0.0,0.0,0.0,131.863129,9.202,B,120653,False,False,False,False,12,3,2010
2010-03-26,18,3,11318.01,False,47.55,2.831,0.0,0.0,0.0,0.0,0.0,131.863129,9.202,B,120653,False,False,False,False,12,3,2010
2010-03-26,18,4,24878.67,False,47.55,2.831,0.0,0.0,0.0,0.0,0.0,131.863129,9.202,B,120653,False,False,False,False,12,3,2010
2010-03-26,18,5,41958.34,False,47.55,2.831,0.0,0.0,0.0,0.0,0.0,131.863129,9.202,B,120653,False,False,False,False,12,3,2010
2010-03-26,18,6,5730.38,False,47.55,2.831,0.0,0.0,0.0,0.0,0.0,131.863129,9.202,B,120653,False,False,False,False,12,3,2010
2010-03-26,18,7,36177.38,False,47.55,2.831,0.0,0.0,0.0,0.0,0.0,131.863129,9.202,B,120653,False,False,False,False,12,3,2010
2010-03-26,18,8,33843.13,False,47.55,2.831,0.0,0.0,0.0,0.0,0.0,131.863129,9.202,B,120653,False,False,False,False,12,3,2010
2010-03-26,18,9,19343.56,False,47.55,2.831,0.0,0.0,0.0,0.0,0.0,131.863129,9.202,B,120653,False,False,False,False,12,3,2010
2010-03-26,18,10,17539.62,False,47.55,2.831,0.0,0.0,0.0,0.0,0.0,131.863129,9.202,B,120653,False,False,False,False,12,3,2010
2010-03-26,18,11,13034.62,False,47.55,2.831,0.0,0.0,0.0,0.0,0.0,131.863129,9.202,B,120653,False,False,False,False,12,3,2010
2010-03-26,18,12,5066.19,False,47.55,2.831,0.0,0.0,0.0,0.0,0.0,131.863129,9.202,B,120653,False,False,False,False,12,3,2010
2010-03-26,18,13,41369.71,False,47.55,2.831,0.0,0.0,0.0,0.0,0.0,131.863129,9.202,B,120653,False,False,False,False,12,3,2010
2010-03-26,18,14,21606.48,False,47.55,2.831,0.0,0.0,0.0,0.0,0.0,131.863129,9.202,B,120653,False,False,False,False,12,3,2010
2010-03-26,18,16,24822.96,False,47.55,2.831,0.0,0.0,0.0,0.0,0.0,131.863129,9.202,B,120653,False,False,False,False,12,3,2010
2010-03-26,18,17,17150.58,False,47.55,2.831,0.0,0.0,0.0,0.0,0.0,131.863129,9.202,B,120653,False,False,False,False,12,3,2010
2010-03-26,18,18,4112.58,False,47.55,2.831,0.0,0.0,0.0,0.0,0.0,131.863129,9.202,B,120653,False,False,False,False,12,3,2010
2010-03-26,18,19,2664.41,False,47.55,2.831,0.0,0.0,0.0,0.0,0.0,131.863129,9.202,B,120653,False,False,False,False,12,3,2010
2010-03-26,18,20,8130.75,False,47.55,2.831,0.0,0.0,0.0,0.0,0.0,131.863129,9.202,B,120653,False,False,False,False,12,3,2010
2010-03-26,18,21,5928.05,False,47.55,2.831,0.0,0.0,0.0,0.0,0.0,131.863129,9.202,B,120653,False,False,False,False,12,3,2010
2010-03-26,18,22,14391.09,False,47.55,2.831,0.0,0.0,0.0,0.0,0.0,131.863129,9.202,B,120653,False,False,False,False,12,3,2010
2010-03-26,18,23,30396.93,False,47.55,2.831,0.0,0.0,0.0,0.0,0.0,131.863129,9.202,B,120653,False,False,False,False,12,3,2010
2010-03-26,18,24,8732.78,False,47.55,2.831,0.0,0.0,0.0,0.0,0.0,131.863129,9.202,B,120653,False,False,False,False,12,3,2010
2010-03-26,18,25,18742.78,False,47.55,2.831,0.0,0.0,0.0,0.0,0.0,131.863129,9.202,B,120653,False,False,False,False,12,3,2010
2010-03-26,18,26,10851.0,False,47.55,2.831,0.0,0.0,0.0,0.0,0.0,131.863129,9.202,B,120653,False,False,False,False,12,3,2010
2010-03-26,18,27,2828.5,False,47.55,2.831,0.0,0.0,0.0,0.0,0.0,131.863129,9.202,B,120653,False,False,False,False,12,3,2010
2010-03-26,18,28,1565.35,False,47.55,2.831,0.0,0.0,0.0,0.0,0.0,131.863129,9.202,B,120653,False,False,False,False,12,3,2010
2010-03-26,18,29,8283.75,False,47.55,2.831,0.0,0.0,0.0,0.0,0.0,131.863129,9.202,B,120653,False,False,False,False,12,3,2010
2010-03-26,18,30,6512.44,False,47.55,2.831,0.0,0.0,0.0,0.0,0.0,131.863129,9.202,B,120653,False,False,False,False,12,3,2010
2010-03-26,18,31,2935.52,False,47.55,2.831,0.0,0.0,0.0,0.0,0.0,131.863129,9.202,B,120653,False,False,False,False,12,3,2010
2010-03-26,18,32,8810.79,False,47.55,2.831,0.0,0.0,0.0,0.0,0.0,131.863129,9.202,B,120653,False,False,False,False,12,3,2010
2010-03-26,18,33,9756.47,False,47.55,2.831,0.0,0.0,0.0,0.0,0.0,131.863129,9.202,B,120653,False,False,False,False,12,3,2010
2010-03-26,18,34,23019.65,False,47.55,2.831,0.0,0.0,0.0,0.0,0.0,131.863129,9.202,B,120653,False,False,False,False,12,3,2010
2010-03-26,18,35,4190.0,False,47.55,2.831,0.0,0.0,0.0,0.0,0.0,131.863129,9.202,B,120653,False,False,False,False,12,3,2010
2010-03-26,18,36,2787.5,False,47.55,2.831,0.0,0.0,0.0,0.0,0.0,131.863129,9.202,B,120653,False,False,False,False,12,3,2010
2010-03-26,18,38,78918.91,False,47.55,2.831,0.0,0.0,0.0,0.0,0.0,131.863129,9.202,B,120653,False,False,False,False,12,3,2010
2010-03-26,18,40,66874.98,False,47.55,2.831,0.0,0.0,0.0,0.0,0.0,131.863129,9.202,B,120653,False,False,False,False,12,3,2010
2010-03-26,18,41,346.66,False,47.55,2.831,0.0,0.0,0.0,0.0,0.0,131.863129,9.202,B,120653,False,False,False,False,12,3,2010
2010-03-26,18,42,7439.58,False,47.55,2.831,0.0,0.0,0.0,0.0,0.0,131.863129,9.202,B,120653,False,False,False,False,12,3,2010
2010-03-26,18,44,4955.2,False,47.55,2.831,0.0,0.0,0.0,0.0,0.0,131.863129,9.202,B,120653,False,False,False,False,12,3,2010
2010-03-26,18,46,25985.95,False,47.55,2.831,0.0,0.0,0.0,0.0,0.0,131.863129,9.202,B,120653,False,False,False,False,12,3,2010
2010-03-26,18,49,11094.73,False,47.55,2.831,0.0,0.0,0.0,0.0,0.0,131.863129,9.202,B,120653,False,False,False,False,12,3,2010
2010-03-26,18,51,1.76,False,47.55,2.831,0.0,0.0,0.0,0.0,0.0,131.863129,9.202,B,120653,False,False,False,False,12,3,2010
2010-03-26,18,52,3165.03,False,47.55,2.831,0.0,0.0,0.0,0.0,0.0,131.863129,9.202,B,120653,False,False,False,False,12,3,2010
2010-03-26,18,54,306.0,False,47.55,2.831,0.0,0.0,0.0,0.0,0.0,131.863129,9.202,B,120653,False,False,False,False,12,3,2010
2010-03-26,18,55,11491.56,False,47.55,2.831,0.0,0.0,0.0,0.0,0.0,131.863129,9.202,B,120653,False,False,False,False,12,3,2010
2010-03-26,18,56,5176.47,False,47.55,2.831,0.0,0.0,0.0,0.0,0.0,131.863129,9.202,B,120653,False,False,False,False,12,3,2010
2010-03-26,18,58,5516.0,False,47.55,2.831,0.0,0.0,0.0,0.0,0.0,131.863129,9.202,B,120653,False,False,False,False,12,3,2010
2010-03-26,18,59,699.92,False,47.55,2.831,0.0,0.0,0.0,0.0,0.0,131.863129,9.202,B,120653,False,False,False,False,12,3,2010
2010-03-26,18,67,8456.95,False,47.55,2.831,0.0,0.0,0.0,0.0,0.0,131.863129,9.202,B,120653,False,False,False,False,12,3,2010
2010-03-26,18,71,10303.2,False,47.55,2.831,0.0,0.0,0.0,0.0,0.0,131.863129,9.202,B,120653,False,False,False,False,12,3,2010
2010-03-26,18,72,71311.57,False,47.55,2.831,0.0,0.0,0.0,0.0,0.0,131.863129,9.202,B,120653,False,False,False,False,12,3,2010
2010-03-26,18,74,18485.08,False,47.55,2.831,0.0,0.0,0.0,0.0,0.0,131.863129,9.202,B,120653,False,False,False,False,12,3,2010
2010-03-26,18,79,22882.19,False,47.55,2.831,0.0,0.0,0.0,0.0,0.0,131.863129,9.202,B,120653,False,False,False,False,12,3,2010
2010-03-26,18,80,1.0,False,47.55,2.831,0.0,0.0,0.0,0.0,0.0,131.863129,9.202,B,120653,False,False,False,False,12,3,2010
2010-03-26,18,81,10622.08,False,47.55,2.831,0.0,0.0,0.0,0.0,0.0,131.863129,9.202,B,120653,False,False,False,False,12,3,2010
2010-03-26,18,82,11125.3,False,47.55,2.831,0.0,0.0,0.0,0.0,0.0,131.863129,9.202,B,120653,False,False,False,False,12,3,2010
2010-03-26,18,83,1187.48,False,47.55,2.831,0.0,0.0,0.0,0.0,0.0,131.863129,9.202,B,120653,False,False,False,False,12,3,2010
2010-03-26,18,85,1235.93,False,47.55,2.831,0.0,0.0,0.0,0.0,0.0,131.863129,9.202,B,120653,False,False,False,False,12,3,2010
2010-03-26,18,87,14490.95,False,47.55,2.831,0.0,0.0,0.0,0.0,0.0,131.863129,9.202,B,120653,False,False,False,False,12,3,2010
2010-03-26,18,90,14779.49,False,47.55,2.831,0.0,0.0,0.0,0.0,0.0,131.863129,9.202,B,120653,False,False,False,False,12,3,2010
2010-03-26,18,91,7813.63,False,47.55,2.831,0.0,0.0,0.0,0.0,0.0,131.863129,9.202,B,120653,False,False,False,False,12,3,2010
2010-03-26,18,92,36013.78,False,47.55,2.831,0.0,0.0,0.0,0.0,0.0,131.863129,9.202,B,120653,False,False,False,False,12,3,2010
2010-03-26,18,93,868.16,False,47.55,2.831,0.0,0.0,0.0,0.0,0.0,131.863129,9.202,B,120653,False,False,False,False,12,3,2010
2010-03-26,18,94,8.82,False,47.55,2.831,0.0,0.0,0.0,0.0,0.0,131.863129,9.202,B,120653,False,False,False,False,12,3,2010
2010-03-26,18,95,53997.02,False,47.55,2.831,0.0,0.0,0.0,0.0,0.0,131.863129,9.202,B,120653,False,False,False,False,12,3,2010
2010-03-26,18,97,3520.82,False,47.55,2.831,0.0,0.0,0.0,0.0,0.0,131.863129,9.202,B,120653,False,False,False,False,12,3,2010
2010-03-26,18,98,44.0,False,47.55,2.831,0.0,0.0,0.0,0.0,0.0,131.863129,9.202,B,120653,False,False,False,False,12,3,2010
2010-03-26,18,99,15.6,False,47.55,2.831,0.0,0.0,0.0,0.0,0.0,131.863129,9.202,B,120653,False,False,False,False,12,3,2010
2010-04-02,18,1,88055.13,False,45.63,2.826,0.0,0.0,0.0,0.0,0.0,131.9019677,9.269,B,120653,False,False,False,False,13,4,2010
2010-04-02,18,2,68470.65,False,45.63,2.826,0.0,0.0,0.0,0.0,0.0,131.9019677,9.269,B,120653,False,False,False,False,13,4,2010
2010-04-02,18,3,12505.53,False,45.63,2.826,0.0,0.0,0.0,0.0,0.0,131.9019677,9.269,B,120653,False,False,False,False,13,4,2010
2010-04-02,18,4,28623.61,False,45.63,2.826,0.0,0.0,0.0,0.0,0.0,131.9019677,9.269,B,120653,False,False,False,False,13,4,2010
2010-04-02,18,5,40637.37,False,45.63,2.826,0.0,0.0,0.0,0.0,0.0,131.9019677,9.269,B,120653,False,False,False,False,13,4,2010
2010-04-02,18,6,7131.97,False,45.63,2.826,0.0,0.0,0.0,0.0,0.0,131.9019677,9.269,B,120653,False,False,False,False,13,4,2010
2010-04-02,18,7,49639.3,False,45.63,2.826,0.0,0.0,0.0,0.0,0.0,131.9019677,9.269,B,120653,False,False,False,False,13,4,2010
2010-04-02,18,8,36489.02,False,45.63,2.826,0.0,0.0,0.0,0.0,0.0,131.9019677,9.269,B,120653,False,False,False,False,13,4,2010
2010-04-02,18,9,22981.18,False,45.63,2.826,0.0,0.0,0.0,0.0,0.0,131.9019677,9.269,B,120653,False,False,False,False,13,4,2010
2010-04-02,18,10,18323.59,False,45.63,2.826,0.0,0.0,0.0,0.0,0.0,131.9019677,9.269,B,120653,False,False,False,False,13,4,2010
2010-04-02,18,11,16444.27,False,45.63,2.826,0.0,0.0,0.0,0.0,0.0,131.9019677,9.269,B,120653,False,False,False,False,13,4,2010
2010-04-02,18,12,4991.53,False,45.63,2.826,0.0,0.0,0.0,0.0,0.0,131.9019677,9.269,B,120653,False,False,False,False,13,4,2010
2010-04-02,18,13,44791.35,False,45.63,2.826,0.0,0.0,0.0,0.0,0.0,131.9019677,9.269,B,120653,False,False,False,False,13,4,2010
2010-04-02,18,14,25759.41,False,45.63,2.826,0.0,0.0,0.0,0.0,0.0,131.9019677,9.269,B,120653,False,False,False,False,13,4,2010
2010-04-02,18,16,18272.42,False,45.63,2.826,0.0,0.0,0.0,0.0,0.0,131.9019677,9.269,B,120653,False,False,False,False,13,4,2010
2010-04-02,18,17,16406.25,False,45.63,2.826,0.0,0.0,0.0,0.0,0.0,131.9019677,9.269,B,120653,False,False,False,False,13,4,2010
2010-04-02,18,18,18914.27,False,45.63,2.826,0.0,0.0,0.0,0.0,0.0,131.9019677,9.269,B,120653,False,False,False,False,13,4,2010
2010-04-02,18,19,3101.2,False,45.63,2.826,0.0,0.0,0.0,0.0,0.0,131.9019677,9.269,B,120653,False,False,False,False,13,4,2010
2010-04-02,18,20,11075.25,False,45.63,2.826,0.0,0.0,0.0,0.0,0.0,131.9019677,9.269,B,120653,False,False,False,False,13,4,2010
2010-04-02,18,21,7633.88,False,45.63,2.826,0.0,0.0,0.0,0.0,0.0,131.9019677,9.269,B,120653,False,False,False,False,13,4,2010
2010-04-02,18,22,16163.65,False,45.63,2.826,0.0,0.0,0.0,0.0,0.0,131.9019677,9.269,B,120653,False,False,False,False,13,4,2010
2010-04-02,18,23,31375.21,False,45.63,2.826,0.0,0.0,0.0,0.0,0.0,131.9019677,9.269,B,120653,False,False,False,False,13,4,2010
2010-04-02,18,24,12296.17,False,45.63,2.826,0.0,0.0,0.0,0.0,0.0,131.9019677,9.269,B,120653,False,False,False,False,13,4,2010
2010-04-02,18,25,21442.97,False,45.63,2.826,0.0,0.0,0.0,0.0,0.0,131.9019677,9.269,B,120653,False,False,False,False,13,4,2010
2010-04-02,18,26,12958.35,False,45.63,2.826,0.0,0.0,0.0,0.0,0.0,131.9019677,9.269,B,120653,False,False,False,False,13,4,2010
2010-04-02,18,27,2869.0,False,45.63,2.826,0.0,0.0,0.0,0.0,0.0,131.9019677,9.269,B,120653,False,False,False,False,13,4,2010
2010-04-02,18,28,2041.9,False,45.63,2.826,0.0,0.0,0.0,0.0,0.0,131.9019677,9.269,B,120653,False,False,False,False,13,4,2010
2010-04-02,18,29,8032.73,False,45.63,2.826,0.0,0.0,0.0,0.0,0.0,131.9019677,9.269,B,120653,False,False,False,False,13,4,2010
2010-04-02,18,30,6260.38,False,45.63,2.826,0.0,0.0,0.0,0.0,0.0,131.9019677,9.269,B,120653,False,False,False,False,13,4,2010
2010-04-02,18,31,3532.72,False,45.63,2.826,0.0,0.0,0.0,0.0,0.0,131.9019677,9.269,B,120653,False,False,False,False,13,4,2010
2010-04-02,18,32,7901.52,False,45.63,2.826,0.0,0.0,0.0,0.0,0.0,131.9019677,9.269,B,120653,False,False,False,False,13,4,2010
2010-04-02,18,33,11498.93,False,45.63,2.826,0.0,0.0,0.0,0.0,0.0,131.9019677,9.269,B,120653,False,False,False,False,13,4,2010
2010-04-02,18,34,25116.16,False,45.63,2.826,0.0,0.0,0.0,0.0,0.0,131.9019677,9.269,B,120653,False,False,False,False,13,4,2010
2010-04-02,18,35,4303.0,False,45.63,2.826,0.0,0.0,0.0,0.0,0.0,131.9019677,9.269,B,120653,False,False,False,False,13,4,2010
2010-04-02,18,36,2257.5,False,45.63,2.826,0.0,0.0,0.0,0.0,0.0,131.9019677,9.269,B,120653,False,False,False,False,13,4,2010
2010-04-02,18,38,73557.86,False,45.63,2.826,0.0,0.0,0.0,0.0,0.0,131.9019677,9.269,B,120653,False,False,False,False,13,4,2010
2010-04-02,18,40,65999.24,False,45.63,2.826,0.0,0.0,0.0,0.0,0.0,131.9019677,9.269,B,120653,False,False,False,False,13,4,2010
2010-04-02,18,41,185.0,False,45.63,2.826,0.0,0.0,0.0,0.0,0.0,131.9019677,9.269,B,120653,False,False,False,False,13,4,2010
2010-04-02,18,42,6726.3,False,45.63,2.826,0.0,0.0,0.0,0.0,0.0,131.9019677,9.269,B,120653,False,False,False,False,13,4,2010
2010-04-02,18,44,5812.09,False,45.63,2.826,0.0,0.0,0.0,0.0,0.0,131.9019677,9.269,B,120653,False,False,False,False,13,4,2010
2010-04-02,18,46,28319.5,False,45.63,2.826,0.0,0.0,0.0,0.0,0.0,131.9019677,9.269,B,120653,False,False,False,False,13,4,2010
2010-04-02,18,49,13383.02,False,45.63,2.826,0.0,0.0,0.0,0.0,0.0,131.9019677,9.269,B,120653,False,False,False,False,13,4,2010
2010-04-02,18,52,3820.56,False,45.63,2.826,0.0,0.0,0.0,0.0,0.0,131.9019677,9.269,B,120653,False,False,False,False,13,4,2010
2010-04-02,18,54,702.47,False,45.63,2.826,0.0,0.0,0.0,0.0,0.0,131.9019677,9.269,B,120653,False,False,False,False,13,4,2010
2010-04-02,18,55,14711.33,False,45.63,2.826,0.0,0.0,0.0,0.0,0.0,131.9019677,9.269,B,120653,False,False,False,False,13,4,2010
2010-04-02,18,56,9919.01,False,45.63,2.826,0.0,0.0,0.0,0.0,0.0,131.9019677,9.269,B,120653,False,False,False,False,13,4,2010
2010-04-02,18,58,2740.0,False,45.63,2.826,0.0,0.0,0.0,0.0,0.0,131.9019677,9.269,B,120653,False,False,False,False,13,4,2010
2010-04-02,18,59,734.58,False,45.63,2.826,0.0,0.0,0.0,0.0,0.0,131.9019677,9.269,B,120653,False,False,False,False,13,4,2010
2010-04-02,18,67,12744.33,False,45.63,2.826,0.0,0.0,0.0,0.0,0.0,131.9019677,9.269,B,120653,False,False,False,False,13,4,2010
2010-04-02,18,71,7658.52,False,45.63,2.826,0.0,0.0,0.0,0.0,0.0,131.9019677,9.269,B,120653,False,False,False,False,13,4,2010
2010-04-02,18,72,75273.85,False,45.63,2.826,0.0,0.0,0.0,0.0,0.0,131.9019677,9.269,B,120653,False,False,False,False,13,4,2010
2010-04-02,18,74,23063.82,False,45.63,2.826,0.0,0.0,0.0,0.0,0.0,131.9019677,9.269,B,120653,False,False,False,False,13,4,2010
2010-04-02,18,79,26727.97,False,45.63,2.826,0.0,0.0,0.0,0.0,0.0,131.9019677,9.269,B,120653,False,False,False,False,13,4,2010
2010-04-02,18,80,233.38,False,45.63,2.826,0.0,0.0,0.0,0.0,0.0,131.9019677,9.269,B,120653,False,False,False,False,13,4,2010
2010-04-02,18,81,11274.71,False,45.63,2.826,0.0,0.0,0.0,0.0,0.0,131.9019677,9.269,B,120653,False,False,False,False,13,4,2010
2010-04-02,18,82,15310.34,False,45.63,2.826,0.0,0.0,0.0,0.0,0.0,131.9019677,9.269,B,120653,False,False,False,False,13,4,2010
2010-04-02,18,83,1282.56,False,45.63,2.826,0.0,0.0,0.0,0.0,0.0,131.9019677,9.269,B,120653,False,False,False,False,13,4,2010
2010-04-02,18,85,1490.86,False,45.63,2.826,0.0,0.0,0.0,0.0,0.0,131.9019677,9.269,B,120653,False,False,False,False,13,4,2010
2010-04-02,18,87,16292.78,False,45.63,2.826,0.0,0.0,0.0,0.0,0.0,131.9019677,9.269,B,120653,False,False,False,False,13,4,2010
2010-04-02,18,90,17173.99,False,45.63,2.826,0.0,0.0,0.0,0.0,0.0,131.9019677,9.269,B,120653,False,False,False,False,13,4,2010
2010-04-02,18,91,8633.52,False,45.63,2.826,0.0,0.0,0.0,0.0,0.0,131.9019677,9.269,B,120653,False,False,False,False,13,4,2010
2010-04-02,18,92,40686.87,False,45.63,2.826,0.0,0.0,0.0,0.0,0.0,131.9019677,9.269,B,120653,False,False,False,False,13,4,2010
2010-04-02,18,93,835.08,False,45.63,2.826,0.0,0.0,0.0,0.0,0.0,131.9019677,9.269,B,120653,False,False,False,False,13,4,2010
2010-04-02,18,94,12.74,False,45.63,2.826,0.0,0.0,0.0,0.0,0.0,131.9019677,9.269,B,120653,False,False,False,False,13,4,2010
2010-04-02,18,95,56156.71,False,45.63,2.826,0.0,0.0,0.0,0.0,0.0,131.9019677,9.269,B,120653,False,False,False,False,13,4,2010
2010-04-02,18,97,4179.73,False,45.63,2.826,0.0,0.0,0.0,0.0,0.0,131.9019677,9.269,B,120653,False,False,False,False,13,4,2010
2010-04-02,18,98,167.75,False,45.63,2.826,0.0,0.0,0.0,0.0,0.0,131.9019677,9.269,B,120653,False,False,False,False,13,4,2010
2010-04-09,18,1,53624.2,False,59.91,2.849,0.0,0.0,0.0,0.0,0.0,131.9408065,9.269,B,120653,False,False,False,False,14,4,2010
2010-04-09,18,2,66988.16,False,59.91,2.849,0.0,0.0,0.0,0.0,0.0,131.9408065,9.269,B,120653,False,False,False,False,14,4,2010
2010-04-09,18,3,10841.2,False,59.91,2.849,0.0,0.0,0.0,0.0,0.0,131.9408065,9.269,B,120653,False,False,False,False,14,4,2010
2010-04-09,18,4,26177.32,False,59.91,2.849,0.0,0.0,0.0,0.0,0.0,131.9408065,9.269,B,120653,False,False,False,False,14,4,2010
2010-04-09,18,5,23940.12,False,59.91,2.849,0.0,0.0,0.0,0.0,0.0,131.9408065,9.269,B,120653,False,False,False,False,14,4,2010
2010-04-09,18,6,5391.86,False,59.91,2.849,0.0,0.0,0.0,0.0,0.0,131.9408065,9.269,B,120653,False,False,False,False,14,4,2010
2010-04-09,18,7,39209.12,False,59.91,2.849,0.0,0.0,0.0,0.0,0.0,131.9408065,9.269,B,120653,False,False,False,False,14,4,2010
2010-04-09,18,8,32964.58,False,59.91,2.849,0.0,0.0,0.0,0.0,0.0,131.9408065,9.269,B,120653,False,False,False,False,14,4,2010
2010-04-09,18,9,21420.53,False,59.91,2.849,0.0,0.0,0.0,0.0,0.0,131.9408065,9.269,B,120653,False,False,False,False,14,4,2010
2010-04-09,18,10,18428.04,False,59.91,2.849,0.0,0.0,0.0,0.0,0.0,131.9408065,9.269,B,120653,False,False,False,False,14,4,2010
2010-04-09,18,11,22089.69,False,59.91,2.849,0.0,0.0,0.0,0.0,0.0,131.9408065,9.269,B,120653,False,False,False,False,14,4,2010
2010-04-09,18,12,5185.22,False,59.91,2.849,0.0,0.0,0.0,0.0,0.0,131.9408065,9.269,B,120653,False,False,False,False,14,4,2010
2010-04-09,18,13,42937.66,False,59.91,2.849,0.0,0.0,0.0,0.0,0.0,131.9408065,9.269,B,120653,False,False,False,False,14,4,2010
2010-04-09,18,14,24035.91,False,59.91,2.849,0.0,0.0,0.0,0.0,0.0,131.9408065,9.269,B,120653,False,False,False,False,14,4,2010
2010-04-09,18,16,32939.6,False,59.91,2.849,0.0,0.0,0.0,0.0,0.0,131.9408065,9.269,B,120653,False,False,False,False,14,4,2010
2010-04-09,18,17,14912.56,False,59.91,2.849,0.0,0.0,0.0,0.0,0.0,131.9408065,9.269,B,120653,False,False,False,False,14,4,2010
2010-04-09,18,18,10126.53,False,59.91,2.849,0.0,0.0,0.0,0.0,0.0,131.9408065,9.269,B,120653,False,False,False,False,14,4,2010
2010-04-09,18,19,2763.53,False,59.91,2.849,0.0,0.0,0.0,0.0,0.0,131.9408065,9.269,B,120653,False,False,False,False,14,4,2010
2010-04-09,18,20,7708.22,False,59.91,2.849,0.0,0.0,0.0,0.0,0.0,131.9408065,9.269,B,120653,False,False,False,False,14,4,2010
2010-04-09,18,21,5849.68,False,59.91,2.849,0.0,0.0,0.0,0.0,0.0,131.9408065,9.269,B,120653,False,False,False,False,14,4,2010
2010-04-09,18,22,14194.88,False,59.91,2.849,0.0,0.0,0.0,0.0,0.0,131.9408065,9.269,B,120653,False,False,False,False,14,4,2010
2010-04-09,18,23,37331.32,False,59.91,2.849,0.0,0.0,0.0,0.0,0.0,131.9408065,9.269,B,120653,False,False,False,False,14,4,2010
2010-04-09,18,24,12682.9,False,59.91,2.849,0.0,0.0,0.0,0.0,0.0,131.9408065,9.269,B,120653,False,False,False,False,14,4,2010
2010-04-09,18,25,23660.5,False,59.91,2.849,0.0,0.0,0.0,0.0,0.0,131.9408065,9.269,B,120653,False,False,False,False,14,4,2010
2010-04-09,18,26,14233.27,False,59.91,2.849,0.0,0.0,0.0,0.0,0.0,131.9408065,9.269,B,120653,False,False,False,False,14,4,2010
2010-04-09,18,27,2976.0,False,59.91,2.849,0.0,0.0,0.0,0.0,0.0,131.9408065,9.269,B,120653,False,False,False,False,14,4,2010
2010-04-09,18,28,1806.76,False,59.91,2.849,0.0,0.0,0.0,0.0,0.0,131.9408065,9.269,B,120653,False,False,False,False,14,4,2010
2010-04-09,18,29,9545.64,False,59.91,2.849,0.0,0.0,0.0,0.0,0.0,131.9408065,9.269,B,120653,False,False,False,False,14,4,2010
2010-04-09,18,30,7717.38,False,59.91,2.849,0.0,0.0,0.0,0.0,0.0,131.9408065,9.269,B,120653,False,False,False,False,14,4,2010
2010-04-09,18,31,3221.36,False,59.91,2.849,0.0,0.0,0.0,0.0,0.0,131.9408065,9.269,B,120653,False,False,False,False,14,4,2010
2010-04-09,18,32,9998.34,False,59.91,2.849,0.0,0.0,0.0,0.0,0.0,131.9408065,9.269,B,120653,False,False,False,False,14,4,2010
2010-04-09,18,33,12669.46,False,59.91,2.849,0.0,0.0,0.0,0.0,0.0,131.9408065,9.269,B,120653,False,False,False,False,14,4,2010
2010-04-09,18,34,35575.22,False,59.91,2.849,0.0,0.0,0.0,0.0,0.0,131.9408065,9.269,B,120653,False,False,False,False,14,4,2010
2010-04-09,18,35,6313.32,False,59.91,2.849,0.0,0.0,0.0,0.0,0.0,131.9408065,9.269,B,120653,False,False,False,False,14,4,2010
2010-04-09,18,36,2989.0,False,59.91,2.849,0.0,0.0,0.0,0.0,0.0,131.9408065,9.269,B,120653,False,False,False,False,14,4,2010
2010-04-09,18,38,75018.59,False,59.91,2.849,0.0,0.0,0.0,0.0,0.0,131.9408065,9.269,B,120653,False,False,False,False,14,4,2010
2010-04-09,18,40,67069.63,False,59.91,2.849,0.0,0.0,0.0,0.0,0.0,131.9408065,9.269,B,120653,False,False,False,False,14,4,2010
2010-04-09,18,41,401.76,False,59.91,2.849,0.0,0.0,0.0,0.0,0.0,131.9408065,9.269,B,120653,False,False,False,False,14,4,2010
2010-04-09,18,42,7092.92,False,59.91,2.849,0.0,0.0,0.0,0.0,0.0,131.9408065,9.269,B,120653,False,False,False,False,14,4,2010
2010-04-09,18,44,4648.8,False,59.91,2.849,0.0,0.0,0.0,0.0,0.0,131.9408065,9.269,B,120653,False,False,False,False,14,4,2010
2010-04-09,18,45,10.47,False,59.91,2.849,0.0,0.0,0.0,0.0,0.0,131.9408065,9.269,B,120653,False,False,False,False,14,4,2010
2010-04-09,18,46,25275.01,False,59.91,2.849,0.0,0.0,0.0,0.0,0.0,131.9408065,9.269,B,120653,False,False,False,False,14,4,2010
2010-04-09,18,49,13609.49,False,59.91,2.849,0.0,0.0,0.0,0.0,0.0,131.9408065,9.269,B,120653,False,False,False,False,14,4,2010
2010-04-09,18,51,3.76,False,59.91,2.849,0.0,0.0,0.0,0.0,0.0,131.9408065,9.269,B,120653,False,False,False,False,14,4,2010
2010-04-09,18,52,3674.89,False,59.91,2.849,0.0,0.0,0.0,0.0,0.0,131.9408065,9.269,B,120653,False,False,False,False,14,4,2010
2010-04-09,18,54,197.5,False,59.91,2.849,0.0,0.0,0.0,0.0,0.0,131.9408065,9.269,B,120653,False,False,False,False,14,4,2010
2010-04-09,18,55,10487.82,False,59.91,2.849,0.0,0.0,0.0,0.0,0.0,131.9408065,9.269,B,120653,False,False,False,False,14,4,2010
2010-04-09,18,56,12407.62,False,59.91,2.849,0.0,0.0,0.0,0.0,0.0,131.9408065,9.269,B,120653,False,False,False,False,14,4,2010
2010-04-09,18,58,3504.0,False,59.91,2.849,0.0,0.0,0.0,0.0,0.0,131.9408065,9.269,B,120653,False,False,False,False,14,4,2010
2010-04-09,18,59,588.81,False,59.91,2.849,0.0,0.0,0.0,0.0,0.0,131.9408065,9.269,B,120653,False,False,False,False,14,4,2010
2010-04-09,18,67,8450.12,False,59.91,2.849,0.0,0.0,0.0,0.0,0.0,131.9408065,9.269,B,120653,False,False,False,False,14,4,2010
2010-04-09,18,71,7703.62,False,59.91,2.849,0.0,0.0,0.0,0.0,0.0,131.9408065,9.269,B,120653,False,False,False,False,14,4,2010
2010-04-09,18,72,62019.25,False,59.91,2.849,0.0,0.0,0.0,0.0,0.0,131.9408065,9.269,B,120653,False,False,False,False,14,4,2010
2010-04-09,18,74,23509.18,False,59.91,2.849,0.0,0.0,0.0,0.0,0.0,131.9408065,9.269,B,120653,False,False,False,False,14,4,2010
2010-04-09,18,78,12.0,False,59.91,2.849,0.0,0.0,0.0,0.0,0.0,131.9408065,9.269,B,120653,False,False,False,False,14,4,2010
2010-04-09,18,79,23921.81,False,59.91,2.849,0.0,0.0,0.0,0.0,0.0,131.9408065,9.269,B,120653,False,False,False,False,14,4,2010
2010-04-09,18,80,342.98,False,59.91,2.849,0.0,0.0,0.0,0.0,0.0,131.9408065,9.269,B,120653,False,False,False,False,14,4,2010
2010-04-09,18,81,10371.86,False,59.91,2.849,0.0,0.0,0.0,0.0,0.0,131.9408065,9.269,B,120653,False,False,False,False,14,4,2010
2010-04-09,18,82,12634.93,False,59.91,2.849,0.0,0.0,0.0,0.0,0.0,131.9408065,9.269,B,120653,False,False,False,False,14,4,2010
2010-04-09,18,83,1395.24,False,59.91,2.849,0.0,0.0,0.0,0.0,0.0,131.9408065,9.269,B,120653,False,False,False,False,14,4,2010
2010-04-09,18,85,673.96,False,59.91,2.849,0.0,0.0,0.0,0.0,0.0,131.9408065,9.269,B,120653,False,False,False,False,14,4,2010
2010-04-09,18,87,14427.51,False,59.91,2.849,0.0,0.0,0.0,0.0,0.0,131.9408065,9.269,B,120653,False,False,False,False,14,4,2010
2010-04-09,18,90,14989.3,False,59.91,2.849,0.0,0.0,0.0,0.0,0.0,131.9408065,9.269,B,120653,False,False,False,False,14,4,2010
2010-04-09,18,91,8607.14,False,59.91,2.849,0.0,0.0,0.0,0.0,0.0,131.9408065,9.269,B,120653,False,False,False,False,14,4,2010
2010-04-09,18,92,38136.25,False,59.91,2.849,0.0,0.0,0.0,0.0,0.0,131.9408065,9.269,B,120653,False,False,False,False,14,4,2010
2010-04-09,18,93,1026.74,False,59.91,2.849,0.0,0.0,0.0,0.0,0.0,131.9408065,9.269,B,120653,False,False,False,False,14,4,2010
2010-04-09,18,94,5.88,False,59.91,2.849,0.0,0.0,0.0,0.0,0.0,131.9408065,9.269,B,120653,False,False,False,False,14,4,2010
2010-04-09,18,95,55642.88,False,59.91,2.849,0.0,0.0,0.0,0.0,0.0,131.9408065,9.269,B,120653,False,False,False,False,14,4,2010
2010-04-09,18,97,4128.73,False,59.91,2.849,0.0,0.0,0.0,0.0,0.0,131.9408065,9.269,B,120653,False,False,False,False,14,4,2010
2010-04-09,18,98,8.02,False,59.91,2.849,0.0,0.0,0.0,0.0,0.0,131.9408065,9.269,B,120653,False,False,False,False,14,4,2010
2010-04-16,18,1,18711.86,False,50.26,2.885,0.0,0.0,0.0,0.0,0.0,131.9809,9.269,B,120653,False,False,False,False,15,4,2010
2010-04-16,18,2,72764.54,False,50.26,2.885,0.0,0.0,0.0,0.0,0.0,131.9809,9.269,B,120653,False,False,False,False,15,4,2010
2010-04-16,18,3,10729.48,False,50.26,2.885,0.0,0.0,0.0,0.0,0.0,131.9809,9.269,B,120653,False,False,False,False,15,4,2010
2010-04-16,18,4,28124.93,False,50.26,2.885,0.0,0.0,0.0,0.0,0.0,131.9809,9.269,B,120653,False,False,False,False,15,4,2010
2010-04-16,18,5,22530.3,False,50.26,2.885,0.0,0.0,0.0,0.0,0.0,131.9809,9.269,B,120653,False,False,False,False,15,4,2010
2010-04-16,18,6,7755.01,False,50.26,2.885,0.0,0.0,0.0,0.0,0.0,131.9809,9.269,B,120653,False,False,False,False,15,4,2010
2010-04-16,18,7,31751.88,False,50.26,2.885,0.0,0.0,0.0,0.0,0.0,131.9809,9.269,B,120653,False,False,False,False,15,4,2010
2010-04-16,18,8,36503.11,False,50.26,2.885,0.0,0.0,0.0,0.0,0.0,131.9809,9.269,B,120653,False,False,False,False,15,4,2010
2010-04-16,18,9,28067.81,False,50.26,2.885,0.0,0.0,0.0,0.0,0.0,131.9809,9.269,B,120653,False,False,False,False,15,4,2010
2010-04-16,18,10,20242.7,False,50.26,2.885,0.0,0.0,0.0,0.0,0.0,131.9809,9.269,B,120653,False,False,False,False,15,4,2010
2010-04-16,18,11,17105.23,False,50.26,2.885,0.0,0.0,0.0,0.0,0.0,131.9809,9.269,B,120653,False,False,False,False,15,4,2010
2010-04-16,18,12,5579.64,False,50.26,2.885,0.0,0.0,0.0,0.0,0.0,131.9809,9.269,B,120653,False,False,False,False,15,4,2010
2010-04-16,18,13,45270.08,False,50.26,2.885,0.0,0.0,0.0,0.0,0.0,131.9809,9.269,B,120653,False,False,False,False,15,4,2010
2010-04-16,18,14,24560.62,False,50.26,2.885,0.0,0.0,0.0,0.0,0.0,131.9809,9.269,B,120653,False,False,False,False,15,4,2010
2010-04-16,18,16,35870.77,False,50.26,2.885,0.0,0.0,0.0,0.0,0.0,131.9809,9.269,B,120653,False,False,False,False,15,4,2010
2010-04-16,18,17,14584.52,False,50.26,2.885,0.0,0.0,0.0,0.0,0.0,131.9809,9.269,B,120653,False,False,False,False,15,4,2010
2010-04-16,18,18,1159.92,False,50.26,2.885,0.0,0.0,0.0,0.0,0.0,131.9809,9.269,B,120653,False,False,False,False,15,4,2010
2010-04-16,18,19,2747.59,False,50.26,2.885,0.0,0.0,0.0,0.0,0.0,131.9809,9.269,B,120653,False,False,False,False,15,4,2010
2010-04-16,18,20,9099.25,False,50.26,2.885,0.0,0.0,0.0,0.0,0.0,131.9809,9.269,B,120653,False,False,False,False,15,4,2010
2010-04-16,18,21,5757.89,False,50.26,2.885,0.0,0.0,0.0,0.0,0.0,131.9809,9.269,B,120653,False,False,False,False,15,4,2010
2010-04-16,18,22,13731.69,False,50.26,2.885,0.0,0.0,0.0,0.0,0.0,131.9809,9.269,B,120653,False,False,False,False,15,4,2010
2010-04-16,18,23,32458.87,False,50.26,2.885,0.0,0.0,0.0,0.0,0.0,131.9809,9.269,B,120653,False,False,False,False,15,4,2010
2010-04-16,18,24,10953.86,False,50.26,2.885,0.0,0.0,0.0,0.0,0.0,131.9809,9.269,B,120653,False,False,False,False,15,4,2010
2010-04-16,18,25,20302.74,False,50.26,2.885,0.0,0.0,0.0,0.0,0.0,131.9809,9.269,B,120653,False,False,False,False,15,4,2010
2010-04-16,18,26,12733.82,False,50.26,2.885,0.0,0.0,0.0,0.0,0.0,131.9809,9.269,B,120653,False,False,False,False,15,4,2010
2010-04-16,18,27,2686.75,False,50.26,2.885,0.0,0.0,0.0,0.0,0.0,131.9809,9.269,B,120653,False,False,False,False,15,4,2010
2010-04-16,18,28,1771.7,False,50.26,2.885,0.0,0.0,0.0,0.0,0.0,131.9809,9.269,B,120653,False,False,False,False,15,4,2010
2010-04-16,18,29,10233.98,False,50.26,2.885,0.0,0.0,0.0,0.0,0.0,131.9809,9.269,B,120653,False,False,False,False,15,4,2010
2010-04-16,18,30,6958.35,False,50.26,2.885,0.0,0.0,0.0,0.0,0.0,131.9809,9.269,B,120653,False,False,False,False,15,4,2010
2010-04-16,18,31,3652.48,False,50.26,2.885,0.0,0.0,0.0,0.0,0.0,131.9809,9.269,B,120653,False,False,False,False,15,4,2010
2010-04-16,18,32,7602.26,False,50.26,2.885,0.0,0.0,0.0,0.0,0.0,131.9809,9.269,B,120653,False,False,False,False,15,4,2010
2010-04-16,18,33,10335.91,False,50.26,2.885,0.0,0.0,0.0,0.0,0.0,131.9809,9.269,B,120653,False,False,False,False,15,4,2010
2010-04-16,18,34,29634.7,False,50.26,2.885,0.0,0.0,0.0,0.0,0.0,131.9809,9.269,B,120653,False,False,False,False,15,4,2010
2010-04-16,18,35,4173.02,False,50.26,2.885,0.0,0.0,0.0,0.0,0.0,131.9809,9.269,B,120653,False,False,False,False,15,4,2010
2010-04-16,18,36,3122.0,False,50.26,2.885,0.0,0.0,0.0,0.0,0.0,131.9809,9.269,B,120653,False,False,False,False,15,4,2010
2010-04-16,18,38,72714.42,False,50.26,2.885,0.0,0.0,0.0,0.0,0.0,131.9809,9.269,B,120653,False,False,False,False,15,4,2010
2010-04-16,18,40,71253.11,False,50.26,2.885,0.0,0.0,0.0,0.0,0.0,131.9809,9.269,B,120653,False,False,False,False,15,4,2010
2010-04-16,18,41,443.42,False,50.26,2.885,0.0,0.0,0.0,0.0,0.0,131.9809,9.269,B,120653,False,False,False,False,15,4,2010
2010-04-16,18,42,7833.65,False,50.26,2.885,0.0,0.0,0.0,0.0,0.0,131.9809,9.269,B,120653,False,False,False,False,15,4,2010
2010-04-16,18,44,5003.84,False,50.26,2.885,0.0,0.0,0.0,0.0,0.0,131.9809,9.269,B,120653,False,False,False,False,15,4,2010
2010-04-16,18,46,29936.54,False,50.26,2.885,0.0,0.0,0.0,0.0,0.0,131.9809,9.269,B,120653,False,False,False,False,15,4,2010
2010-04-16,18,49,12789.54,False,50.26,2.885,0.0,0.0,0.0,0.0,0.0,131.9809,9.269,B,120653,False,False,False,False,15,4,2010
2010-04-16,18,51,9.48,False,50.26,2.885,0.0,0.0,0.0,0.0,0.0,131.9809,9.269,B,120653,False,False,False,False,15,4,2010
2010-04-16,18,52,3788.0,False,50.26,2.885,0.0,0.0,0.0,0.0,0.0,131.9809,9.269,B,120653,False,False,False,False,15,4,2010
2010-04-16,18,54,89.5,False,50.26,2.885,0.0,0.0,0.0,0.0,0.0,131.9809,9.269,B,120653,False,False,False,False,15,4,2010
2010-04-16,18,55,11119.32,False,50.26,2.885,0.0,0.0,0.0,0.0,0.0,131.9809,9.269,B,120653,False,False,False,False,15,4,2010
2010-04-16,18,56,12416.3,False,50.26,2.885,0.0,0.0,0.0,0.0,0.0,131.9809,9.269,B,120653,False,False,False,False,15,4,2010
2010-04-16,18,58,5033.0,False,50.26,2.885,0.0,0.0,0.0,0.0,0.0,131.9809,9.269,B,120653,False,False,False,False,15,4,2010
2010-04-16,18,59,766.66,False,50.26,2.885,0.0,0.0,0.0,0.0,0.0,131.9809,9.269,B,120653,False,False,False,False,15,4,2010
2010-04-16,18,67,7767.72,False,50.26,2.885,0.0,0.0,0.0,0.0,0.0,131.9809,9.269,B,120653,False,False,False,False,15,4,2010
2010-04-16,18,71,9153.62,False,50.26,2.885,0.0,0.0,0.0,0.0,0.0,131.9809,9.269,B,120653,False,False,False,False,15,4,2010
2010-04-16,18,72,66773.55,False,50.26,2.885,0.0,0.0,0.0,0.0,0.0,131.9809,9.269,B,120653,False,False,False,False,15,4,2010
2010-04-16,18,74,24728.05,False,50.26,2.885,0.0,0.0,0.0,0.0,0.0,131.9809,9.269,B,120653,False,False,False,False,15,4,2010
2010-04-16,18,78,12.0,False,50.26,2.885,0.0,0.0,0.0,0.0,0.0,131.9809,9.269,B,120653,False,False,False,False,15,4,2010
2010-04-16,18,79,21802.44,False,50.26,2.885,0.0,0.0,0.0,0.0,0.0,131.9809,9.269,B,120653,False,False,False,False,15,4,2010
2010-04-16,18,80,68.78,False,50.26,2.885,0.0,0.0,0.0,0.0,0.0,131.9809,9.269,B,120653,False,False,False,False,15,4,2010
2010-04-16,18,81,10966.9,False,50.26,2.885,0.0,0.0,0.0,0.0,0.0,131.9809,9.269,B,120653,False,False,False,False,15,4,2010
2010-04-16,18,82,11832.84,False,50.26,2.885,0.0,0.0,0.0,0.0,0.0,131.9809,9.269,B,120653,False,False,False,False,15,4,2010
2010-04-16,18,83,433.04,False,50.26,2.885,0.0,0.0,0.0,0.0,0.0,131.9809,9.269,B,120653,False,False,False,False,15,4,2010
2010-04-16,18,85,1128.22,False,50.26,2.885,0.0,0.0,0.0,0.0,0.0,131.9809,9.269,B,120653,False,False,False,False,15,4,2010
2010-04-16,18,87,13198.7,False,50.26,2.885,0.0,0.0,0.0,0.0,0.0,131.9809,9.269,B,120653,False,False,False,False,15,4,2010
2010-04-16,18,90,14394.15,False,50.26,2.885,0.0,0.0,0.0,0.0,0.0,131.9809,9.269,B,120653,False,False,False,False,15,4,2010
2010-04-16,18,91,8330.93,False,50.26,2.885,0.0,0.0,0.0,0.0,0.0,131.9809,9.269,B,120653,False,False,False,False,15,4,2010
2010-04-16,18,92,38430.27,False,50.26,2.885,0.0,0.0,0.0,0.0,0.0,131.9809,9.269,B,120653,False,False,False,False,15,4,2010
2010-04-16,18,93,799.58,False,50.26,2.885,0.0,0.0,0.0,0.0,0.0,131.9809,9.269,B,120653,False,False,False,False,15,4,2010
2010-04-16,18,94,6.76,False,50.26,2.885,0.0,0.0,0.0,0.0,0.0,131.9809,9.269,B,120653,False,False,False,False,15,4,2010
2010-04-16,18,95,59245.3,False,50.26,2.885,0.0,0.0,0.0,0.0,0.0,131.9809,9.269,B,120653,False,False,False,False,15,4,2010
2010-04-16,18,97,4029.41,False,50.26,2.885,0.0,0.0,0.0,0.0,0.0,131.9809,9.269,B,120653,False,False,False,False,15,4,2010
2010-04-16,18,98,9.32,False,50.26,2.885,0.0,0.0,0.0,0.0,0.0,131.9809,9.269,B,120653,False,False,False,False,15,4,2010
2010-04-23,18,1,14745.75,False,50.3,2.895,0.0,0.0,0.0,0.0,0.0,132.0226667,9.269,B,120653,False,False,False,False,16,4,2010
2010-04-23,18,2,69751.55,False,50.3,2.895,0.0,0.0,0.0,0.0,0.0,132.0226667,9.269,B,120653,False,False,False,False,16,4,2010
2010-04-23,18,3,11000.46,False,50.3,2.895,0.0,0.0,0.0,0.0,0.0,132.0226667,9.269,B,120653,False,False,False,False,16,4,2010
2010-04-23,18,4,27250.78,False,50.3,2.895,0.0,0.0,0.0,0.0,0.0,132.0226667,9.269,B,120653,False,False,False,False,16,4,2010
2010-04-23,18,5,28698.38,False,50.3,2.895,0.0,0.0,0.0,0.0,0.0,132.0226667,9.269,B,120653,False,False,False,False,16,4,2010
2010-04-23,18,6,6193.93,False,50.3,2.895,0.0,0.0,0.0,0.0,0.0,132.0226667,9.269,B,120653,False,False,False,False,16,4,2010
2010-04-23,18,7,33950.96,False,50.3,2.895,0.0,0.0,0.0,0.0,0.0,132.0226667,9.269,B,120653,False,False,False,False,16,4,2010
2010-04-23,18,8,35460.99,False,50.3,2.895,0.0,0.0,0.0,0.0,0.0,132.0226667,9.269,B,120653,False,False,False,False,16,4,2010
2010-04-23,18,9,27435.51,False,50.3,2.895,0.0,0.0,0.0,0.0,0.0,132.0226667,9.269,B,120653,False,False,False,False,16,4,2010
2010-04-23,18,10,18597.82,False,50.3,2.895,0.0,0.0,0.0,0.0,0.0,132.0226667,9.269,B,120653,False,False,False,False,16,4,2010
2010-04-23,18,11,17109.04,False,50.3,2.895,0.0,0.0,0.0,0.0,0.0,132.0226667,9.269,B,120653,False,False,False,False,16,4,2010
2010-04-23,18,12,5357.34,False,50.3,2.895,0.0,0.0,0.0,0.0,0.0,132.0226667,9.269,B,120653,False,False,False,False,16,4,2010
2010-04-23,18,13,45996.69,False,50.3,2.895,0.0,0.0,0.0,0.0,0.0,132.0226667,9.269,B,120653,False,False,False,False,16,4,2010
2010-04-23,18,14,24659.02,False,50.3,2.895,0.0,0.0,0.0,0.0,0.0,132.0226667,9.269,B,120653,False,False,False,False,16,4,2010
2010-04-23,18,16,37757.63,False,50.3,2.895,0.0,0.0,0.0,0.0,0.0,132.0226667,9.269,B,120653,False,False,False,False,16,4,2010
2010-04-23,18,17,16309.5,False,50.3,2.895,0.0,0.0,0.0,0.0,0.0,132.0226667,9.269,B,120653,False,False,False,False,16,4,2010
2010-04-23,18,18,212.86,False,50.3,2.895,0.0,0.0,0.0,0.0,0.0,132.0226667,9.269,B,120653,False,False,False,False,16,4,2010
2010-04-23,18,19,3783.56,False,50.3,2.895,0.0,0.0,0.0,0.0,0.0,132.0226667,9.269,B,120653,False,False,False,False,16,4,2010
2010-04-23,18,20,9890.15,False,50.3,2.895,0.0,0.0,0.0,0.0,0.0,132.0226667,9.269,B,120653,False,False,False,False,16,4,2010
2010-04-23,18,21,5872.69,False,50.3,2.895,0.0,0.0,0.0,0.0,0.0,132.0226667,9.269,B,120653,False,False,False,False,16,4,2010
2010-04-23,18,22,15641.2,False,50.3,2.895,0.0,0.0,0.0,0.0,0.0,132.0226667,9.269,B,120653,False,False,False,False,16,4,2010
2010-04-23,18,23,32906.92,False,50.3,2.895,0.0,0.0,0.0,0.0,0.0,132.0226667,9.269,B,120653,False,False,False,False,16,4,2010
2010-04-23,18,24,9023.74,False,50.3,2.895,0.0,0.0,0.0,0.0,0.0,132.0226667,9.269,B,120653,False,False,False,False,16,4,2010
2010-04-23,18,25,18322.75,False,50.3,2.895,0.0,0.0,0.0,0.0,0.0,132.0226667,9.269,B,120653,False,False,False,False,16,4,2010
2010-04-23,18,26,12000.02,False,50.3,2.895,0.0,0.0,0.0,0.0,0.0,132.0226667,9.269,B,120653,False,False,False,False,16,4,2010
2010-04-23,18,27,2613.5,False,50.3,2.895,0.0,0.0,0.0,0.0,0.0,132.0226667,9.269,B,120653,False,False,False,False,16,4,2010
2010-04-23,18,28,1764.98,False,50.3,2.895,0.0,0.0,0.0,0.0,0.0,132.0226667,9.269,B,120653,False,False,False,False,16,4,2010
2010-04-23,18,29,10277.0,False,50.3,2.895,0.0,0.0,0.0,0.0,0.0,132.0226667,9.269,B,120653,False,False,False,False,16,4,2010
2010-04-23,18,30,7339.24,False,50.3,2.895,0.0,0.0,0.0,0.0,0.0,132.0226667,9.269,B,120653,False,False,False,False,16,4,2010
2010-04-23,18,31,2767.96,False,50.3,2.895,0.0,0.0,0.0,0.0,0.0,132.0226667,9.269,B,120653,False,False,False,False,16,4,2010
2010-04-23,18,32,9452.77,False,50.3,2.895,0.0,0.0,0.0,0.0,0.0,132.0226667,9.269,B,120653,False,False,False,False,16,4,2010
2010-04-23,18,33,9152.63,False,50.3,2.895,0.0,0.0,0.0,0.0,0.0,132.0226667,9.269,B,120653,False,False,False,False,16,4,2010
2010-04-23,18,34,26539.0,False,50.3,2.895,0.0,0.0,0.0,0.0,0.0,132.0226667,9.269,B,120653,False,False,False,False,16,4,2010
2010-04-23,18,35,3638.0,False,50.3,2.895,0.0,0.0,0.0,0.0,0.0,132.0226667,9.269,B,120653,False,False,False,False,16,4,2010
2010-04-23,18,36,3289.0,False,50.3,2.895,0.0,0.0,0.0,0.0,0.0,132.0226667,9.269,B,120653,False,False,False,False,16,4,2010
2010-04-23,18,38,74853.56,False,50.3,2.895,0.0,0.0,0.0,0.0,0.0,132.0226667,9.269,B,120653,False,False,False,False,16,4,2010
2010-04-23,18,40,70946.63,False,50.3,2.895,0.0,0.0,0.0,0.0,0.0,132.0226667,9.269,B,120653,False,False,False,False,16,4,2010
2010-04-23,18,41,348.0,False,50.3,2.895,0.0,0.0,0.0,0.0,0.0,132.0226667,9.269,B,120653,False,False,False,False,16,4,2010
2010-04-23,18,42,7907.94,False,50.3,2.895,0.0,0.0,0.0,0.0,0.0,132.0226667,9.269,B,120653,False,False,False,False,16,4,2010
2010-04-23,18,44,6093.27,False,50.3,2.895,0.0,0.0,0.0,0.0,0.0,132.0226667,9.269,B,120653,False,False,False,False,16,4,2010
2010-04-23,18,45,10.47,False,50.3,2.895,0.0,0.0,0.0,0.0,0.0,132.0226667,9.269,B,120653,False,False,False,False,16,4,2010
2010-04-23,18,46,27430.4,False,50.3,2.895,0.0,0.0,0.0,0.0,0.0,132.0226667,9.269,B,120653,False,False,False,False,16,4,2010
2010-04-23,18,49,13213.83,False,50.3,2.895,0.0,0.0,0.0,0.0,0.0,132.0226667,9.269,B,120653,False,False,False,False,16,4,2010
2010-04-23,18,50,154.0,False,50.3,2.895,0.0,0.0,0.0,0.0,0.0,132.0226667,9.269,B,120653,False,False,False,False,16,4,2010
2010-04-23,18,52,4130.49,False,50.3,2.895,0.0,0.0,0.0,0.0,0.0,132.0226667,9.269,B,120653,False,False,False,False,16,4,2010
2010-04-23,18,54,399.0,False,50.3,2.895,0.0,0.0,0.0,0.0,0.0,132.0226667,9.269,B,120653,False,False,False,False,16,4,2010
2010-04-23,18,55,10848.25,False,50.3,2.895,0.0,0.0,0.0,0.0,0.0,132.0226667,9.269,B,120653,False,False,False,False,16,4,2010
2010-04-23,18,56,15286.03,False,50.3,2.895,0.0,0.0,0.0,0.0,0.0,132.0226667,9.269,B,120653,False,False,False,False,16,4,2010
2010-04-23,18,58,4753.0,False,50.3,2.895,0.0,0.0,0.0,0.0,0.0,132.0226667,9.269,B,120653,False,False,False,False,16,4,2010
2010-04-23,18,59,835.09,False,50.3,2.895,0.0,0.0,0.0,0.0,0.0,132.0226667,9.269,B,120653,False,False,False,False,16,4,2010
2010-04-23,18,67,7646.98,False,50.3,2.895,0.0,0.0,0.0,0.0,0.0,132.0226667,9.269,B,120653,False,False,False,False,16,4,2010
2010-04-23,18,71,8499.08,False,50.3,2.895,0.0,0.0,0.0,0.0,0.0,132.0226667,9.269,B,120653,False,False,False,False,16,4,2010
2010-04-23,18,72,60199.23,False,50.3,2.895,0.0,0.0,0.0,0.0,0.0,132.0226667,9.269,B,120653,False,False,False,False,16,4,2010
2010-04-23,18,74,24911.17,False,50.3,2.895,0.0,0.0,0.0,0.0,0.0,132.0226667,9.269,B,120653,False,False,False,False,16,4,2010
2010-04-23,18,79,24326.52,False,50.3,2.895,0.0,0.0,0.0,0.0,0.0,132.0226667,9.269,B,120653,False,False,False,False,16,4,2010
2010-04-23,18,80,51.74,False,50.3,2.895,0.0,0.0,0.0,0.0,0.0,132.0226667,9.269,B,120653,False,False,False,False,16,4,2010
2010-04-23,18,81,11037.24,False,50.3,2.895,0.0,0.0,0.0,0.0,0.0,132.0226667,9.269,B,120653,False,False,False,False,16,4,2010
2010-04-23,18,82,11569.13,False,50.3,2.895,0.0,0.0,0.0,0.0,0.0,132.0226667,9.269,B,120653,False,False,False,False,16,4,2010
2010-04-23,18,83,388.24,False,50.3,2.895,0.0,0.0,0.0,0.0,0.0,132.0226667,9.269,B,120653,False,False,False,False,16,4,2010
2010-04-23,18,85,1709.52,False,50.3,2.895,0.0,0.0,0.0,0.0,0.0,132.0226667,9.269,B,120653,False,False,False,False,16,4,2010
2010-04-23,18,87,12716.25,False,50.3,2.895,0.0,0.0,0.0,0.0,0.0,132.0226667,9.269,B,120653,False,False,False,False,16,4,2010
2010-04-23,18,90,15350.62,False,50.3,2.895,0.0,0.0,0.0,0.0,0.0,132.0226667,9.269,B,120653,False,False,False,False,16,4,2010
2010-04-23,18,91,7881.87,False,50.3,2.895,0.0,0.0,0.0,0.0,0.0,132.0226667,9.269,B,120653,False,False,False,False,16,4,2010
2010-04-23,18,92,38111.77,False,50.3,2.895,0.0,0.0,0.0,0.0,0.0,132.0226667,9.269,B,120653,False,False,False,False,16,4,2010
2010-04-23,18,93,918.1,False,50.3,2.895,0.0,0.0,0.0,0.0,0.0,132.0226667,9.269,B,120653,False,False,False,False,16,4,2010
2010-04-23,18,94,8.88,False,50.3,2.895,0.0,0.0,0.0,0.0,0.0,132.0226667,9.269,B,120653,False,False,False,False,16,4,2010
