Date,Store,Dept,Weekly_Sales,IsHoliday,Temperature,Fuel_Price,MarkDown1,MarkDown2,MarkDown3,MarkDown4,MarkDown5,CPI,Unemployment,Type,Size,Super_Bowl,Labor_Day,Thanksgiving,Christmas,week,month,year
2010-02-05,12,1,17426.75,False,49.47,2.962,0.0,0.0,0.0,0.0,0.0,126.4420645,13.975,B,112238,False,False,False,False,5,2,2010
2010-02-05,12,2,74025.68,False,49.47,2.962,0.0,0.0,0.0,0.0,0.0,126.4420645,13.975,B,112238,False,False,False,False,5,2,2010
2010-02-05,12,3,16960.68,False,49.47,2.962,0.0,0.0,0.0,0.0,0.0,126.4420645,13.975,B,112238,False,False,False,False,5,2,2010
2010-02-05,12,4,27630.54,False,49.47,2.962,0.0,0.0,0.0,0.0,0.0,126.4420645,13.975,B,112238,False,False,False,False,5,2,2010
2010-02-05,12,5,40553.44,False,49.47,2.962,0.0,0.0,0.0,0.0,0.0,126.4420645,13.975,B,112238,False,False,False,False,5,2,2010
2010-02-05,12,6,5926.11,False,49.47,2.962,0.0,0.0,0.0,0.0,0.0,126.4420645,13.975,B,112238,False,False,False,False,5,2,2010
2010-02-05,12,7,24316.52,False,49.47,2.962,0.0,0.0,0.0,0.0,0.0,126.4420645,13.975,B,112238,False,False,False,False,5,2,2010
2010-02-05,12,8,45875.87,False,49.47,2.962,0.0,0.0,0.0,0.0,0.0,126.4420645,13.975,B,112238,False,False,False,False,5,2,2010
2010-02-05,12,9,16166.93,False,49.47,2.962,0.0,0.0,0.0,0.0,0.0,126.4420645,13.975,B,112238,False,False,False,False,5,2,2010
2010-02-05,12,10,16810.35,False,49.47,2.962,0.0,0.0,0.0,0.0,0.0,126.4420645,13.975,B,112238,False,False,False,False,5,2,2010
2010-02-05,12,11,16878.34,False,49.47,2.962,0.0,0.0,0.0,0.0,0.0,126.4420645,13.975,B,112238,False,False,False,False,5,2,2010
2010-02-05,12,12,5711.57,False,49.47,2.962,0.0,0.0,0.0,0.0,0.0,126.4420645,13.975,B,112238,False,False,False,False,5,2,2010
2010-02-05,12,13,55628.11,False,49.47,2.962,0.0,0.0,0.0,0.0,0.0,126.4420645,13.975,B,112238,False,False,False,False,5,2,2010
2010-02-05,12,14,24359.71,False,49.47,2.962,0.0,0.0,0.0,0.0,0.0,126.4420645,13.975,B,112238,False,False,False,False,5,2,2010
2010-02-05,12,16,4565.72,False,49.47,2.962,0.0,0.0,0.0,0.0,0.0,126.4420645,13.975,B,112238,False,False,False,False,5,2,2010
2010-02-05,12,17,14502.57,False,49.47,2.962,0.0,0.0,0.0,0.0,0.0,126.4420645,13.975,B,112238,False,False,False,False,5,2,2010
2010-02-05,12,18,4158.0,False,49.47,2.962,0.0,0.0,0.0,0.0,0.0,126.4420645,13.975,B,112238,False,False,False,False,5,2,2010
2010-02-05,12,19,2710.32,False,49.47,2.962,0.0,0.0,0.0,0.0,0.0,126.4420645,13.975,B,112238,False,False,False,False,5,2,2010
2010-02-05,12,20,9198.23,False,49.47,2.962,0.0,0.0,0.0,0.0,0.0,126.4420645,13.975,B,112238,False,False,False,False,5,2,2010
2010-02-05,12,21,4570.97,False,49.47,2.962,0.0,0.0,0.0,0.0,0.0,126.4420645,13.975,B,112238,False,False,False,False,5,2,2010
2010-02-05,12,22,15117.79,False,49.47,2.962,0.0,0.0,0.0,0.0,0.0,126.4420645,13.975,B,112238,False,False,False,False,5,2,2010
2010-02-05,12,23,37290.16,False,49.47,2.962,0.0,0.0,0.0,0.0,0.0,126.4420645,13.975,B,112238,False,False,False,False,5,2,2010
2010-02-05,12,24,12389.13,False,49.47,2.962,0.0,0.0,0.0,0.0,0.0,126.4420645,13.975,B,112238,False,False,False,False,5,2,2010
2010-02-05,12,25,19138.25,False,49.47,2.962,0.0,0.0,0.0,0.0,0.0,126.4420645,13.975,B,112238,False,False,False,False,5,2,2010
2010-02-05,12,26,15720.28,False,49.47,2.962,0.0,0.0,0.0,0.0,0.0,126.4420645,13.975,B,112238,False,False,False,False,5,2,2010
2010-02-05,12,27,3514.0,False,49.47,2.962,0.0,0.0,0.0,0.0,0.0,126.4420645,13.975,B,112238,False,False,False,False,5,2,2010
2010-02-05,12,28,938.65,False,49.47,2.962,0.0,0.0,0.0,0.0,0.0,126.4420645,13.975,B,112238,False,False,False,False,5,2,2010
2010-02-05,12,29,8270.49,False,49.47,2.962,0.0,0.0,0.0,0.0,0.0,126.4420645,13.975,B,112238,False,False,False,False,5,2,2010
2010-02-05,12,30,8752.06,False,49.47,2.962,0.0,0.0,0.0,0.0,0.0,126.4420645,13.975,B,112238,False,False,False,False,5,2,2010
2010-02-05,12,31,3650.13,False,49.47,2.962,0.0,0.0,0.0,0.0,0.0,126.4420645,13.975,B,112238,False,False,False,False,5,2,2010
2010-02-05,12,32,14254.5,False,49.47,2.962,0.0,0.0,0.0,0.0,0.0,126.4420645,13.975,B,112238,False,False,False,False,5,2,2010
2010-02-05,12,33,11249.98,False,49.47,2.962,0.0,0.0,0.0,0.0,0.0,126.4420645,13.975,B,112238,False,False,False,False,5,2,2010
2010-02-05,12,34,30976.05,False,49.47,2.962,0.0,0.0,0.0,0.0,0.0,126.4420645,13.975,B,112238,False,False,False,False,5,2,2010
2010-02-05,12,35,2973.0,False,49.47,2.962,0.0,0.0,0.0,0.0,0.0,126.4420645,13.975,B,112238,False,False,False,False,5,2,2010
2010-02-05,12,36,2.0,False,49.47,2.962,0.0,0.0,0.0,0.0,0.0,126.4420645,13.975,B,112238,False,False,False,False,5,2,2010
2010-02-05,12,38,47649.88,False,49.47,2.962,0.0,0.0,0.0,0.0,0.0,126.4420645,13.975,B,112238,False,False,False,False,5,2,2010
2010-02-05,12,40,54052.68,False,49.47,2.962,0.0,0.0,0.0,0.0,0.0,126.4420645,13.975,B,112238,False,False,False,False,5,2,2010
2010-02-05,12,41,580.0,False,49.47,2.962,0.0,0.0,0.0,0.0,0.0,126.4420645,13.975,B,112238,False,False,False,False,5,2,2010
2010-02-05,12,42,5795.28,False,49.47,2.962,0.0,0.0,0.0,0.0,0.0,126.4420645,13.975,B,112238,False,False,False,False,5,2,2010
2010-02-05,12,44,6442.15,False,49.47,2.962,0.0,0.0,0.0,0.0,0.0,126.4420645,13.975,B,112238,False,False,False,False,5,2,2010
2010-02-05,12,45,11.96,False,49.47,2.962,0.0,0.0,0.0,0.0,0.0,126.4420645,13.975,B,112238,False,False,False,False,5,2,2010
2010-02-05,12,46,29228.51,False,49.47,2.962,0.0,0.0,0.0,0.0,0.0,126.4420645,13.975,B,112238,False,False,False,False,5,2,2010
2010-02-05,12,49,4.94,False,49.47,2.962,0.0,0.0,0.0,0.0,0.0,126.4420645,13.975,B,112238,False,False,False,False,5,2,2010
2010-02-05,12,51,31.0,False,49.47,2.962,0.0,0.0,0.0,0.0,0.0,126.4420645,13.975,B,112238,False,False,False,False,5,2,2010
2010-02-05,12,52,3470.51,False,49.47,2.962,0.0,0.0,0.0,0.0,0.0,126.4420645,13.975,B,112238,False,False,False,False,5,2,2010
2010-02-05,12,54,383.0,False,49.47,2.962,0.0,0.0,0.0,0.0,0.0,126.4420645,13.975,B,112238,False,False,False,False,5,2,2010
2010-02-05,12,55,19145.93,False,49.47,2.962,0.0,0.0,0.0,0.0,0.0,126.4420645,13.975,B,112238,False,False,False,False,5,2,2010
2010-02-05,12,56,616.0,False,49.47,2.962,0.0,0.0,0.0,0.0,0.0,126.4420645,13.975,B,112238,False,False,False,False,5,2,2010
2010-02-05,12,58,4640.0,False,49.47,2.962,0.0,0.0,0.0,0.0,0.0,126.4420645,13.975,B,112238,False,False,False,False,5,2,2010
2010-02-05,12,59,1305.43,False,49.47,2.962,0.0,0.0,0.0,0.0,0.0,126.4420645,13.975,B,112238,False,False,False,False,5,2,2010
2010-02-05,12,60,413.6,False,49.47,2.962,0.0,0.0,0.0,0.0,0.0,126.4420645,13.975,B,112238,False,False,False,False,5,2,2010
2010-02-05,12,67,6109.15,False,49.47,2.962,0.0,0.0,0.0,0.0,0.0,126.4420645,13.975,B,112238,False,False,False,False,5,2,2010
2010-02-05,12,71,13024.98,False,49.47,2.962,0.0,0.0,0.0,0.0,0.0,126.4420645,13.975,B,112238,False,False,False,False,5,2,2010
2010-02-05,12,72,91794.63,False,49.47,2.962,0.0,0.0,0.0,0.0,0.0,126.4420645,13.975,B,112238,False,False,False,False,5,2,2010
2010-02-05,12,74,24901.07,False,49.47,2.962,0.0,0.0,0.0,0.0,0.0,126.4420645,13.975,B,112238,False,False,False,False,5,2,2010
2010-02-05,12,79,52268.55,False,49.47,2.962,0.0,0.0,0.0,0.0,0.0,126.4420645,13.975,B,112238,False,False,False,False,5,2,2010
2010-02-05,12,80,39.9,False,49.47,2.962,0.0,0.0,0.0,0.0,0.0,126.4420645,13.975,B,112238,False,False,False,False,5,2,2010
2010-02-05,12,81,6944.64,False,49.47,2.962,0.0,0.0,0.0,0.0,0.0,126.4420645,13.975,B,112238,False,False,False,False,5,2,2010
2010-02-05,12,82,15831.67,False,49.47,2.962,0.0,0.0,0.0,0.0,0.0,126.4420645,13.975,B,112238,False,False,False,False,5,2,2010
2010-02-05,12,83,277.36,False,49.47,2.962,0.0,0.0,0.0,0.0,0.0,126.4420645,13.975,B,112238,False,False,False,False,5,2,2010
2010-02-05,12,85,2572.82,False,49.47,2.962,0.0,0.0,0.0,0.0,0.0,126.4420645,13.975,B,112238,False,False,False,False,5,2,2010
2010-02-05,12,87,13947.68,False,49.47,2.962,0.0,0.0,0.0,0.0,0.0,126.4420645,13.975,B,112238,False,False,False,False,5,2,2010
2010-02-05,12,90,9750.53,False,49.47,2.962,0.0,0.0,0.0,0.0,0.0,126.4420645,13.975,B,112238,False,False,False,False,5,2,2010
2010-02-05,12,91,7875.21,False,49.47,2.962,0.0,0.0,0.0,0.0,0.0,126.4420645,13.975,B,112238,False,False,False,False,5,2,2010
2010-02-05,12,92,24628.25,False,49.47,2.962,0.0,0.0,0.0,0.0,0.0,126.4420645,13.975,B,112238,False,False,False,False,5,2,2010
2010-02-05,12,93,465.21,False,49.47,2.962,0.0,0.0,0.0,0.0,0.0,126.4420645,13.975,B,112238,False,False,False,False,5,2,2010
2010-02-05,12,94,4.96,False,49.47,2.962,0.0,0.0,0.0,0.0,0.0,126.4420645,13.975,B,112238,False,False,False,False,5,2,2010
2010-02-05,12,95,39953.93,False,49.47,2.962,0.0,0.0,0.0,0.0,0.0,126.4420645,13.975,B,112238,False,False,False,False,5,2,2010
2010-02-05,12,97,2478.91,False,49.47,2.962,0.0,0.0,0.0,0.0,0.0,126.4420645,13.975,B,112238,False,False,False,False,5,2,2010
2010-02-05,12,98,1193.17,False,49.47,2.962,0.0,0.0,0.0,0.0,0.0,126.4420645,13.975,B,112238,False,False,False,False,5,2,2010
2010-02-12,12,1,37734.82,True,47.87,2.946,0.0,0.0,0.0,0.0,0.0,126.4962581,13.975,B,112238,True,False,False,False,6,2,2010
2010-02-12,12,2,74171.01,True,47.87,2.946,0.0,0.0,0.0,0.0,0.0,126.4962581,13.975,B,112238,True,False,False,False,6,2,2010
2010-02-12,12,3,16055.53,True,47.87,2.946,0.0,0.0,0.0,0.0,0.0,126.4962581,13.975,B,112238,True,False,False,False,6,2,2010
2010-02-12,12,4,25596.35,True,47.87,2.946,0.0,0.0,0.0,0.0,0.0,126.4962581,13.975,B,112238,True,False,False,False,6,2,2010
2010-02-12,12,5,38439.06,True,47.87,2.946,0.0,0.0,0.0,0.0,0.0,126.4962581,13.975,B,112238,True,False,False,False,6,2,2010
2010-02-12,12,6,8464.36,True,47.87,2.946,0.0,0.0,0.0,0.0,0.0,126.4962581,13.975,B,112238,True,False,False,False,6,2,2010
2010-02-12,12,7,27433.02,True,47.87,2.946,0.0,0.0,0.0,0.0,0.0,126.4962581,13.975,B,112238,True,False,False,False,6,2,2010
2010-02-12,12,8,44101.66,True,47.87,2.946,0.0,0.0,0.0,0.0,0.0,126.4962581,13.975,B,112238,True,False,False,False,6,2,2010
2010-02-12,12,9,16418.42,True,47.87,2.946,0.0,0.0,0.0,0.0,0.0,126.4962581,13.975,B,112238,True,False,False,False,6,2,2010
2010-02-12,12,10,16402.66,True,47.87,2.946,0.0,0.0,0.0,0.0,0.0,126.4962581,13.975,B,112238,True,False,False,False,6,2,2010
2010-02-12,12,11,16909.89,True,47.87,2.946,0.0,0.0,0.0,0.0,0.0,126.4962581,13.975,B,112238,True,False,False,False,6,2,2010
2010-02-12,12,12,5427.79,True,47.87,2.946,0.0,0.0,0.0,0.0,0.0,126.4962581,13.975,B,112238,True,False,False,False,6,2,2010
2010-02-12,12,13,49497.42,True,47.87,2.946,0.0,0.0,0.0,0.0,0.0,126.4962581,13.975,B,112238,True,False,False,False,6,2,2010
2010-02-12,12,14,22128.18,True,47.87,2.946,0.0,0.0,0.0,0.0,0.0,126.4962581,13.975,B,112238,True,False,False,False,6,2,2010
2010-02-12,12,16,3859.33,True,47.87,2.946,0.0,0.0,0.0,0.0,0.0,126.4962581,13.975,B,112238,True,False,False,False,6,2,2010
2010-02-12,12,17,16248.46,True,47.87,2.946,0.0,0.0,0.0,0.0,0.0,126.4962581,13.975,B,112238,True,False,False,False,6,2,2010
2010-02-12,12,18,17730.75,True,47.87,2.946,0.0,0.0,0.0,0.0,0.0,126.4962581,13.975,B,112238,True,False,False,False,6,2,2010
2010-02-12,12,19,3159.33,True,47.87,2.946,0.0,0.0,0.0,0.0,0.0,126.4962581,13.975,B,112238,True,False,False,False,6,2,2010
2010-02-12,12,20,8754.04,True,47.87,2.946,0.0,0.0,0.0,0.0,0.0,126.4962581,13.975,B,112238,True,False,False,False,6,2,2010
2010-02-12,12,21,4446.1,True,47.87,2.946,0.0,0.0,0.0,0.0,0.0,126.4962581,13.975,B,112238,True,False,False,False,6,2,2010
2010-02-12,12,22,14083.8,True,47.87,2.946,0.0,0.0,0.0,0.0,0.0,126.4962581,13.975,B,112238,True,False,False,False,6,2,2010
2010-02-12,12,23,41372.21,True,47.87,2.946,0.0,0.0,0.0,0.0,0.0,126.4962581,13.975,B,112238,True,False,False,False,6,2,2010
2010-02-12,12,24,13290.67,True,47.87,2.946,0.0,0.0,0.0,0.0,0.0,126.4962581,13.975,B,112238,True,False,False,False,6,2,2010
2010-02-12,12,25,20394.49,True,47.87,2.946,0.0,0.0,0.0,0.0,0.0,126.4962581,13.975,B,112238,True,False,False,False,6,2,2010
2010-02-12,12,26,14474.3,True,47.87,2.946,0.0,0.0,0.0,0.0,0.0,126.4962581,13.975,B,112238,True,False,False,False,6,2,2010
2010-02-12,12,27,3048.46,True,47.87,2.946,0.0,0.0,0.0,0.0,0.0,126.4962581,13.975,B,112238,True,False,False,False,6,2,2010
2010-02-12,12,28,1215.34,True,47.87,2.946,0.0,0.0,0.0,0.0,0.0,126.4962581,13.975,B,112238,True,False,False,False,6,2,2010
2010-02-12,12,29,9197.58,True,47.87,2.946,0.0,0.0,0.0,0.0,0.0,126.4962581,13.975,B,112238,True,False,False,False,6,2,2010
2010-02-12,12,30,7332.88,True,47.87,2.946,0.0,0.0,0.0,0.0,0.0,126.4962581,13.975,B,112238,True,False,False,False,6,2,2010
2010-02-12,12,31,5068.98,True,47.87,2.946,0.0,0.0,0.0,0.0,0.0,126.4962581,13.975,B,112238,True,False,False,False,6,2,2010
2010-02-12,12,32,16334.75,True,47.87,2.946,0.0,0.0,0.0,0.0,0.0,126.4962581,13.975,B,112238,True,False,False,False,6,2,2010
2010-02-12,12,33,12534.15,True,47.87,2.946,0.0,0.0,0.0,0.0,0.0,126.4962581,13.975,B,112238,True,False,False,False,6,2,2010
2010-02-12,12,34,29493.49,True,47.87,2.946,0.0,0.0,0.0,0.0,0.0,126.4962581,13.975,B,112238,True,False,False,False,6,2,2010
2010-02-12,12,35,2693.0,True,47.87,2.946,0.0,0.0,0.0,0.0,0.0,126.4962581,13.975,B,112238,True,False,False,False,6,2,2010
2010-02-12,12,36,1015.0,True,47.87,2.946,0.0,0.0,0.0,0.0,0.0,126.4962581,13.975,B,112238,True,False,False,False,6,2,2010
2010-02-12,12,38,52075.88,True,47.87,2.946,0.0,0.0,0.0,0.0,0.0,126.4962581,13.975,B,112238,True,False,False,False,6,2,2010
2010-02-12,12,40,50324.35,True,47.87,2.946,0.0,0.0,0.0,0.0,0.0,126.4962581,13.975,B,112238,True,False,False,False,6,2,2010
2010-02-12,12,41,487.0,True,47.87,2.946,0.0,0.0,0.0,0.0,0.0,126.4962581,13.975,B,112238,True,False,False,False,6,2,2010
2010-02-12,12,42,4824.5,True,47.87,2.946,0.0,0.0,0.0,0.0,0.0,126.4962581,13.975,B,112238,True,False,False,False,6,2,2010
2010-02-12,12,44,6758.6,True,47.87,2.946,0.0,0.0,0.0,0.0,0.0,126.4962581,13.975,B,112238,True,False,False,False,6,2,2010
2010-02-12,12,45,35.8,True,47.87,2.946,0.0,0.0,0.0,0.0,0.0,126.4962581,13.975,B,112238,True,False,False,False,6,2,2010
2010-02-12,12,46,27421.57,True,47.87,2.946,0.0,0.0,0.0,0.0,0.0,126.4962581,13.975,B,112238,True,False,False,False,6,2,2010
2010-02-12,12,51,1.5,True,47.87,2.946,0.0,0.0,0.0,0.0,0.0,126.4962581,13.975,B,112238,True,False,False,False,6,2,2010
2010-02-12,12,52,3851.54,True,47.87,2.946,0.0,0.0,0.0,0.0,0.0,126.4962581,13.975,B,112238,True,False,False,False,6,2,2010
2010-02-12,12,54,537.0,True,47.87,2.946,0.0,0.0,0.0,0.0,0.0,126.4962581,13.975,B,112238,True,False,False,False,6,2,2010
2010-02-12,12,55,22817.17,True,47.87,2.946,0.0,0.0,0.0,0.0,0.0,126.4962581,13.975,B,112238,True,False,False,False,6,2,2010
2010-02-12,12,56,592.75,True,47.87,2.946,0.0,0.0,0.0,0.0,0.0,126.4962581,13.975,B,112238,True,False,False,False,6,2,2010
2010-02-12,12,58,1230.0,True,47.87,2.946,0.0,0.0,0.0,0.0,0.0,126.4962581,13.975,B,112238,True,False,False,False,6,2,2010
2010-02-12,12,59,2065.99,True,47.87,2.946,0.0,0.0,0.0,0.0,0.0,126.4962581,13.975,B,112238,True,False,False,False,6,2,2010
2010-02-12,12,60,475.2,True,47.87,2.946,0.0,0.0,0.0,0.0,0.0,126.4962581,13.975,B,112238,True,False,False,False,6,2,2010
2010-02-12,12,67,12674.96,True,47.87,2.946,0.0,0.0,0.0,0.0,0.0,126.4962581,13.975,B,112238,True,False,False,False,6,2,2010
2010-02-12,12,71,11245.96,True,47.87,2.946,0.0,0.0,0.0,0.0,0.0,126.4962581,13.975,B,112238,True,False,False,False,6,2,2010
2010-02-12,12,72,88822.93,True,47.87,2.946,0.0,0.0,0.0,0.0,0.0,126.4962581,13.975,B,112238,True,False,False,False,6,2,2010
2010-02-12,12,74,22181.14,True,47.87,2.946,0.0,0.0,0.0,0.0,0.0,126.4962581,13.975,B,112238,True,False,False,False,6,2,2010
2010-02-12,12,79,48627.38,True,47.87,2.946,0.0,0.0,0.0,0.0,0.0,126.4962581,13.975,B,112238,True,False,False,False,6,2,2010
2010-02-12,12,81,6459.69,True,47.87,2.946,0.0,0.0,0.0,0.0,0.0,126.4962581,13.975,B,112238,True,False,False,False,6,2,2010
2010-02-12,12,82,14441.62,True,47.87,2.946,0.0,0.0,0.0,0.0,0.0,126.4962581,13.975,B,112238,True,False,False,False,6,2,2010
2010-02-12,12,83,150.42,True,47.87,2.946,0.0,0.0,0.0,0.0,0.0,126.4962581,13.975,B,112238,True,False,False,False,6,2,2010
2010-02-12,12,85,2861.56,True,47.87,2.946,0.0,0.0,0.0,0.0,0.0,126.4962581,13.975,B,112238,True,False,False,False,6,2,2010
2010-02-12,12,87,12497.2,True,47.87,2.946,0.0,0.0,0.0,0.0,0.0,126.4962581,13.975,B,112238,True,False,False,False,6,2,2010
2010-02-12,12,90,9243.71,True,47.87,2.946,0.0,0.0,0.0,0.0,0.0,126.4962581,13.975,B,112238,True,False,False,False,6,2,2010
2010-02-12,12,91,6357.71,True,47.87,2.946,0.0,0.0,0.0,0.0,0.0,126.4962581,13.975,B,112238,True,False,False,False,6,2,2010
2010-02-12,12,92,22476.63,True,47.87,2.946,0.0,0.0,0.0,0.0,0.0,126.4962581,13.975,B,112238,True,False,False,False,6,2,2010
2010-02-12,12,93,364.03,True,47.87,2.946,0.0,0.0,0.0,0.0,0.0,126.4962581,13.975,B,112238,True,False,False,False,6,2,2010
2010-02-12,12,94,503.74,True,47.87,2.946,0.0,0.0,0.0,0.0,0.0,126.4962581,13.975,B,112238,True,False,False,False,6,2,2010
2010-02-12,12,95,37356.66,True,47.87,2.946,0.0,0.0,0.0,0.0,0.0,126.4962581,13.975,B,112238,True,False,False,False,6,2,2010
2010-02-12,12,97,2181.2,True,47.87,2.946,0.0,0.0,0.0,0.0,0.0,126.4962581,13.975,B,112238,True,False,False,False,6,2,2010
2010-02-12,12,98,1390.66,True,47.87,2.946,0.0,0.0,0.0,0.0,0.0,126.4962581,13.975,B,112238,True,False,False,False,6,2,2010
2010-02-19,12,1,22135.29,False,54.83,2.915,0.0,0.0,0.0,0.0,0.0,126.5262857,13.975,B,112238,False,False,False,False,7,2,2010
2010-02-19,12,2,73047.68,False,54.83,2.915,0.0,0.0,0.0,0.0,0.0,126.5262857,13.975,B,112238,False,False,False,False,7,2,2010
2010-02-19,12,3,13397.8,False,54.83,2.915,0.0,0.0,0.0,0.0,0.0,126.5262857,13.975,B,112238,False,False,False,False,7,2,2010
2010-02-19,12,4,25676.71,False,54.83,2.915,0.0,0.0,0.0,0.0,0.0,126.5262857,13.975,B,112238,False,False,False,False,7,2,2010
2010-02-19,12,5,33352.32,False,54.83,2.915,0.0,0.0,0.0,0.0,0.0,126.5262857,13.975,B,112238,False,False,False,False,7,2,2010
2010-02-19,12,6,7843.8,False,54.83,2.915,0.0,0.0,0.0,0.0,0.0,126.5262857,13.975,B,112238,False,False,False,False,7,2,2010
2010-02-19,12,7,29670.78,False,54.83,2.915,0.0,0.0,0.0,0.0,0.0,126.5262857,13.975,B,112238,False,False,False,False,7,2,2010
2010-02-19,12,8,43092.57,False,54.83,2.915,0.0,0.0,0.0,0.0,0.0,126.5262857,13.975,B,112238,False,False,False,False,7,2,2010
2010-02-19,12,9,22725.01,False,54.83,2.915,0.0,0.0,0.0,0.0,0.0,126.5262857,13.975,B,112238,False,False,False,False,7,2,2010
2010-02-19,12,10,18034.33,False,54.83,2.915,0.0,0.0,0.0,0.0,0.0,126.5262857,13.975,B,112238,False,False,False,False,7,2,2010
2010-02-19,12,11,16532.1,False,54.83,2.915,0.0,0.0,0.0,0.0,0.0,126.5262857,13.975,B,112238,False,False,False,False,7,2,2010
2010-02-19,12,12,5451.57,False,54.83,2.915,0.0,0.0,0.0,0.0,0.0,126.5262857,13.975,B,112238,False,False,False,False,7,2,2010
2010-02-19,12,13,48054.73,False,54.83,2.915,0.0,0.0,0.0,0.0,0.0,126.5262857,13.975,B,112238,False,False,False,False,7,2,2010
2010-02-19,12,14,21794.65,False,54.83,2.915,0.0,0.0,0.0,0.0,0.0,126.5262857,13.975,B,112238,False,False,False,False,7,2,2010
2010-02-19,12,16,6935.88,False,54.83,2.915,0.0,0.0,0.0,0.0,0.0,126.5262857,13.975,B,112238,False,False,False,False,7,2,2010
2010-02-19,12,17,13698.21,False,54.83,2.915,0.0,0.0,0.0,0.0,0.0,126.5262857,13.975,B,112238,False,False,False,False,7,2,2010
2010-02-19,12,18,8372.5,False,54.83,2.915,0.0,0.0,0.0,0.0,0.0,126.5262857,13.975,B,112238,False,False,False,False,7,2,2010
2010-02-19,12,19,2683.18,False,54.83,2.915,0.0,0.0,0.0,0.0,0.0,126.5262857,13.975,B,112238,False,False,False,False,7,2,2010
2010-02-19,12,20,8811.13,False,54.83,2.915,0.0,0.0,0.0,0.0,0.0,126.5262857,13.975,B,112238,False,False,False,False,7,2,2010
2010-02-19,12,21,4639.51,False,54.83,2.915,0.0,0.0,0.0,0.0,0.0,126.5262857,13.975,B,112238,False,False,False,False,7,2,2010
2010-02-19,12,22,14909.44,False,54.83,2.915,0.0,0.0,0.0,0.0,0.0,126.5262857,13.975,B,112238,False,False,False,False,7,2,2010
2010-02-19,12,23,39441.21,False,54.83,2.915,0.0,0.0,0.0,0.0,0.0,126.5262857,13.975,B,112238,False,False,False,False,7,2,2010
2010-02-19,12,24,10782.53,False,54.83,2.915,0.0,0.0,0.0,0.0,0.0,126.5262857,13.975,B,112238,False,False,False,False,7,2,2010
2010-02-19,12,25,21524.75,False,54.83,2.915,0.0,0.0,0.0,0.0,0.0,126.5262857,13.975,B,112238,False,False,False,False,7,2,2010
2010-02-19,12,26,14323.7,False,54.83,2.915,0.0,0.0,0.0,0.0,0.0,126.5262857,13.975,B,112238,False,False,False,False,7,2,2010
2010-02-19,12,27,2992.96,False,54.83,2.915,0.0,0.0,0.0,0.0,0.0,126.5262857,13.975,B,112238,False,False,False,False,7,2,2010
2010-02-19,12,28,1030.55,False,54.83,2.915,0.0,0.0,0.0,0.0,0.0,126.5262857,13.975,B,112238,False,False,False,False,7,2,2010
2010-02-19,12,29,9411.35,False,54.83,2.915,0.0,0.0,0.0,0.0,0.0,126.5262857,13.975,B,112238,False,False,False,False,7,2,2010
2010-02-19,12,30,7703.61,False,54.83,2.915,0.0,0.0,0.0,0.0,0.0,126.5262857,13.975,B,112238,False,False,False,False,7,2,2010
2010-02-19,12,31,3837.8,False,54.83,2.915,0.0,0.0,0.0,0.0,0.0,126.5262857,13.975,B,112238,False,False,False,False,7,2,2010
2010-02-19,12,32,25553.86,False,54.83,2.915,0.0,0.0,0.0,0.0,0.0,126.5262857,13.975,B,112238,False,False,False,False,7,2,2010
2010-02-19,12,33,9601.44,False,54.83,2.915,0.0,0.0,0.0,0.0,0.0,126.5262857,13.975,B,112238,False,False,False,False,7,2,2010
2010-02-19,12,34,29161.44,False,54.83,2.915,0.0,0.0,0.0,0.0,0.0,126.5262857,13.975,B,112238,False,False,False,False,7,2,2010
2010-02-19,12,35,2930.0,False,54.83,2.915,0.0,0.0,0.0,0.0,0.0,126.5262857,13.975,B,112238,False,False,False,False,7,2,2010
2010-02-19,12,36,1303.0,False,54.83,2.915,0.0,0.0,0.0,0.0,0.0,126.5262857,13.975,B,112238,False,False,False,False,7,2,2010
2010-02-19,12,38,45110.67,False,54.83,2.915,0.0,0.0,0.0,0.0,0.0,126.5262857,13.975,B,112238,False,False,False,False,7,2,2010
2010-02-19,12,40,51774.1,False,54.83,2.915,0.0,0.0,0.0,0.0,0.0,126.5262857,13.975,B,112238,False,False,False,False,7,2,2010
2010-02-19,12,41,345.83,False,54.83,2.915,0.0,0.0,0.0,0.0,0.0,126.5262857,13.975,B,112238,False,False,False,False,7,2,2010
2010-02-19,12,42,4884.67,False,54.83,2.915,0.0,0.0,0.0,0.0,0.0,126.5262857,13.975,B,112238,False,False,False,False,7,2,2010
2010-02-19,12,44,5630.72,False,54.83,2.915,0.0,0.0,0.0,0.0,0.0,126.5262857,13.975,B,112238,False,False,False,False,7,2,2010
2010-02-19,12,45,18.97,False,54.83,2.915,0.0,0.0,0.0,0.0,0.0,126.5262857,13.975,B,112238,False,False,False,False,7,2,2010
2010-02-19,12,46,30147.96,False,54.83,2.915,0.0,0.0,0.0,0.0,0.0,126.5262857,13.975,B,112238,False,False,False,False,7,2,2010
2010-02-19,12,47,5.0,False,54.83,2.915,0.0,0.0,0.0,0.0,0.0,126.5262857,13.975,B,112238,False,False,False,False,7,2,2010
2010-02-19,12,51,43.48,False,54.83,2.915,0.0,0.0,0.0,0.0,0.0,126.5262857,13.975,B,112238,False,False,False,False,7,2,2010
2010-02-19,12,52,4443.97,False,54.83,2.915,0.0,0.0,0.0,0.0,0.0,126.5262857,13.975,B,112238,False,False,False,False,7,2,2010
2010-02-19,12,54,552.0,False,54.83,2.915,0.0,0.0,0.0,0.0,0.0,126.5262857,13.975,B,112238,False,False,False,False,7,2,2010
2010-02-19,12,55,23453.38,False,54.83,2.915,0.0,0.0,0.0,0.0,0.0,126.5262857,13.975,B,112238,False,False,False,False,7,2,2010
2010-02-19,12,56,1042.0,False,54.83,2.915,0.0,0.0,0.0,0.0,0.0,126.5262857,13.975,B,112238,False,False,False,False,7,2,2010
2010-02-19,12,58,4841.0,False,54.83,2.915,0.0,0.0,0.0,0.0,0.0,126.5262857,13.975,B,112238,False,False,False,False,7,2,2010
2010-02-19,12,59,1668.4,False,54.83,2.915,0.0,0.0,0.0,0.0,0.0,126.5262857,13.975,B,112238,False,False,False,False,7,2,2010
2010-02-19,12,60,396.0,False,54.83,2.915,0.0,0.0,0.0,0.0,0.0,126.5262857,13.975,B,112238,False,False,False,False,7,2,2010
2010-02-19,12,67,10997.71,False,54.83,2.915,0.0,0.0,0.0,0.0,0.0,126.5262857,13.975,B,112238,False,False,False,False,7,2,2010
2010-02-19,12,71,9725.64,False,54.83,2.915,0.0,0.0,0.0,0.0,0.0,126.5262857,13.975,B,112238,False,False,False,False,7,2,2010
2010-02-19,12,72,102526.33,False,54.83,2.915,0.0,0.0,0.0,0.0,0.0,126.5262857,13.975,B,112238,False,False,False,False,7,2,2010
2010-02-19,12,74,22023.49,False,54.83,2.915,0.0,0.0,0.0,0.0,0.0,126.5262857,13.975,B,112238,False,False,False,False,7,2,2010
2010-02-19,12,79,48118.22,False,54.83,2.915,0.0,0.0,0.0,0.0,0.0,126.5262857,13.975,B,112238,False,False,False,False,7,2,2010
2010-02-19,12,80,7.98,False,54.83,2.915,0.0,0.0,0.0,0.0,0.0,126.5262857,13.975,B,112238,False,False,False,False,7,2,2010
2010-02-19,12,81,6038.4,False,54.83,2.915,0.0,0.0,0.0,0.0,0.0,126.5262857,13.975,B,112238,False,False,False,False,7,2,2010
2010-02-19,12,82,13809.84,False,54.83,2.915,0.0,0.0,0.0,0.0,0.0,126.5262857,13.975,B,112238,False,False,False,False,7,2,2010
2010-02-19,12,83,101.3,False,54.83,2.915,0.0,0.0,0.0,0.0,0.0,126.5262857,13.975,B,112238,False,False,False,False,7,2,2010
2010-02-19,12,85,2193.34,False,54.83,2.915,0.0,0.0,0.0,0.0,0.0,126.5262857,13.975,B,112238,False,False,False,False,7,2,2010
2010-02-19,12,87,10103.34,False,54.83,2.915,0.0,0.0,0.0,0.0,0.0,126.5262857,13.975,B,112238,False,False,False,False,7,2,2010
2010-02-19,12,90,8598.44,False,54.83,2.915,0.0,0.0,0.0,0.0,0.0,126.5262857,13.975,B,112238,False,False,False,False,7,2,2010
2010-02-19,12,91,6362.68,False,54.83,2.915,0.0,0.0,0.0,0.0,0.0,126.5262857,13.975,B,112238,False,False,False,False,7,2,2010
2010-02-19,12,92,20659.03,False,54.83,2.915,0.0,0.0,0.0,0.0,0.0,126.5262857,13.975,B,112238,False,False,False,False,7,2,2010
2010-02-19,12,93,320.01,False,54.83,2.915,0.0,0.0,0.0,0.0,0.0,126.5262857,13.975,B,112238,False,False,False,False,7,2,2010
2010-02-19,12,94,800.66,False,54.83,2.915,0.0,0.0,0.0,0.0,0.0,126.5262857,13.975,B,112238,False,False,False,False,7,2,2010
2010-02-19,12,95,35287.09,False,54.83,2.915,0.0,0.0,0.0,0.0,0.0,126.5262857,13.975,B,112238,False,False,False,False,7,2,2010
2010-02-19,12,97,2027.03,False,54.83,2.915,0.0,0.0,0.0,0.0,0.0,126.5262857,13.975,B,112238,False,False,False,False,7,2,2010
2010-02-19,12,98,917.58,False,54.83,2.915,0.0,0.0,0.0,0.0,0.0,126.5262857,13.975,B,112238,False,False,False,False,7,2,2010
2010-02-26,12,1,14942.21,False,50.23,2.825,0.0,0.0,0.0,0.0,0.0,126.5522857,13.975,B,112238,False,False,False,False,8,2,2010
2010-02-26,12,2,76903.16,False,50.23,2.825,0.0,0.0,0.0,0.0,0.0,126.5522857,13.975,B,112238,False,False,False,False,8,2,2010
2010-02-26,12,3,16836.91,False,50.23,2.825,0.0,0.0,0.0,0.0,0.0,126.5522857,13.975,B,112238,False,False,False,False,8,2,2010
2010-02-26,12,4,26155.56,False,50.23,2.825,0.0,0.0,0.0,0.0,0.0,126.5522857,13.975,B,112238,False,False,False,False,8,2,2010
2010-02-26,12,5,28498.57,False,50.23,2.825,0.0,0.0,0.0,0.0,0.0,126.5522857,13.975,B,112238,False,False,False,False,8,2,2010
2010-02-26,12,6,9616.7,False,50.23,2.825,0.0,0.0,0.0,0.0,0.0,126.5522857,13.975,B,112238,False,False,False,False,8,2,2010
2010-02-26,12,7,26121.45,False,50.23,2.825,0.0,0.0,0.0,0.0,0.0,126.5522857,13.975,B,112238,False,False,False,False,8,2,2010
2010-02-26,12,8,43064.61,False,50.23,2.825,0.0,0.0,0.0,0.0,0.0,126.5522857,13.975,B,112238,False,False,False,False,8,2,2010
2010-02-26,12,9,18497.51,False,50.23,2.825,0.0,0.0,0.0,0.0,0.0,126.5522857,13.975,B,112238,False,False,False,False,8,2,2010
2010-02-26,12,10,19735.26,False,50.23,2.825,0.0,0.0,0.0,0.0,0.0,126.5522857,13.975,B,112238,False,False,False,False,8,2,2010
2010-02-26,12,11,15734.75,False,50.23,2.825,0.0,0.0,0.0,0.0,0.0,126.5522857,13.975,B,112238,False,False,False,False,8,2,2010
2010-02-26,12,12,6262.36,False,50.23,2.825,0.0,0.0,0.0,0.0,0.0,126.5522857,13.975,B,112238,False,False,False,False,8,2,2010
2010-02-26,12,13,49672.83,False,50.23,2.825,0.0,0.0,0.0,0.0,0.0,126.5522857,13.975,B,112238,False,False,False,False,8,2,2010
2010-02-26,12,14,22470.48,False,50.23,2.825,0.0,0.0,0.0,0.0,0.0,126.5522857,13.975,B,112238,False,False,False,False,8,2,2010
2010-02-26,12,16,5894.83,False,50.23,2.825,0.0,0.0,0.0,0.0,0.0,126.5522857,13.975,B,112238,False,False,False,False,8,2,2010
2010-02-26,12,17,14383.69,False,50.23,2.825,0.0,0.0,0.0,0.0,0.0,126.5522857,13.975,B,112238,False,False,False,False,8,2,2010
2010-02-26,12,18,47.01,False,50.23,2.825,0.0,0.0,0.0,0.0,0.0,126.5522857,13.975,B,112238,False,False,False,False,8,2,2010
2010-02-26,12,19,2749.99,False,50.23,2.825,0.0,0.0,0.0,0.0,0.0,126.5522857,13.975,B,112238,False,False,False,False,8,2,2010
2010-02-26,12,20,8515.42,False,50.23,2.825,0.0,0.0,0.0,0.0,0.0,126.5522857,13.975,B,112238,False,False,False,False,8,2,2010
2010-02-26,12,21,4896.34,False,50.23,2.825,0.0,0.0,0.0,0.0,0.0,126.5522857,13.975,B,112238,False,False,False,False,8,2,2010
2010-02-26,12,22,13558.87,False,50.23,2.825,0.0,0.0,0.0,0.0,0.0,126.5522857,13.975,B,112238,False,False,False,False,8,2,2010
2010-02-26,12,23,36170.46,False,50.23,2.825,0.0,0.0,0.0,0.0,0.0,126.5522857,13.975,B,112238,False,False,False,False,8,2,2010
2010-02-26,12,24,11333.46,False,50.23,2.825,0.0,0.0,0.0,0.0,0.0,126.5522857,13.975,B,112238,False,False,False,False,8,2,2010
2010-02-26,12,25,20800.2,False,50.23,2.825,0.0,0.0,0.0,0.0,0.0,126.5522857,13.975,B,112238,False,False,False,False,8,2,2010
2010-02-26,12,26,14688.14,False,50.23,2.825,0.0,0.0,0.0,0.0,0.0,126.5522857,13.975,B,112238,False,False,False,False,8,2,2010
2010-02-26,12,27,2666.34,False,50.23,2.825,0.0,0.0,0.0,0.0,0.0,126.5522857,13.975,B,112238,False,False,False,False,8,2,2010
2010-02-26,12,28,1200.28,False,50.23,2.825,0.0,0.0,0.0,0.0,0.0,126.5522857,13.975,B,112238,False,False,False,False,8,2,2010
2010-02-26,12,29,6657.81,False,50.23,2.825,0.0,0.0,0.0,0.0,0.0,126.5522857,13.975,B,112238,False,False,False,False,8,2,2010
2010-02-26,12,30,7061.11,False,50.23,2.825,0.0,0.0,0.0,0.0,0.0,126.5522857,13.975,B,112238,False,False,False,False,8,2,2010
2010-02-26,12,31,3610.22,False,50.23,2.825,0.0,0.0,0.0,0.0,0.0,126.5522857,13.975,B,112238,False,False,False,False,8,2,2010
2010-02-26,12,32,9855.12,False,50.23,2.825,0.0,0.0,0.0,0.0,0.0,126.5522857,13.975,B,112238,False,False,False,False,8,2,2010
2010-02-26,12,33,9401.22,False,50.23,2.825,0.0,0.0,0.0,0.0,0.0,126.5522857,13.975,B,112238,False,False,False,False,8,2,2010
2010-02-26,12,34,25946.87,False,50.23,2.825,0.0,0.0,0.0,0.0,0.0,126.5522857,13.975,B,112238,False,False,False,False,8,2,2010
2010-02-26,12,35,2694.0,False,50.23,2.825,0.0,0.0,0.0,0.0,0.0,126.5522857,13.975,B,112238,False,False,False,False,8,2,2010
2010-02-26,12,36,1033.0,False,50.23,2.825,0.0,0.0,0.0,0.0,0.0,126.5522857,13.975,B,112238,False,False,False,False,8,2,2010
2010-02-26,12,38,47090.2,False,50.23,2.825,0.0,0.0,0.0,0.0,0.0,126.5522857,13.975,B,112238,False,False,False,False,8,2,2010
2010-02-26,12,40,54002.66,False,50.23,2.825,0.0,0.0,0.0,0.0,0.0,126.5522857,13.975,B,112238,False,False,False,False,8,2,2010
2010-02-26,12,41,277.94,False,50.23,2.825,0.0,0.0,0.0,0.0,0.0,126.5522857,13.975,B,112238,False,False,False,False,8,2,2010
2010-02-26,12,42,4731.89,False,50.23,2.825,0.0,0.0,0.0,0.0,0.0,126.5522857,13.975,B,112238,False,False,False,False,8,2,2010
2010-02-26,12,44,5532.68,False,50.23,2.825,0.0,0.0,0.0,0.0,0.0,126.5522857,13.975,B,112238,False,False,False,False,8,2,2010
2010-02-26,12,45,47.41,False,50.23,2.825,0.0,0.0,0.0,0.0,0.0,126.5522857,13.975,B,112238,False,False,False,False,8,2,2010
2010-02-26,12,46,29961.08,False,50.23,2.825,0.0,0.0,0.0,0.0,0.0,126.5522857,13.975,B,112238,False,False,False,False,8,2,2010
2010-02-26,12,47,623.0,False,50.23,2.825,0.0,0.0,0.0,0.0,0.0,126.5522857,13.975,B,112238,False,False,False,False,8,2,2010
2010-02-26,12,52,4514.59,False,50.23,2.825,0.0,0.0,0.0,0.0,0.0,126.5522857,13.975,B,112238,False,False,False,False,8,2,2010
2010-02-26,12,54,324.0,False,50.23,2.825,0.0,0.0,0.0,0.0,0.0,126.5522857,13.975,B,112238,False,False,False,False,8,2,2010
2010-02-26,12,55,19327.82,False,50.23,2.825,0.0,0.0,0.0,0.0,0.0,126.5522857,13.975,B,112238,False,False,False,False,8,2,2010
2010-02-26,12,56,961.25,False,50.23,2.825,0.0,0.0,0.0,0.0,0.0,126.5522857,13.975,B,112238,False,False,False,False,8,2,2010
2010-02-26,12,58,4343.0,False,50.23,2.825,0.0,0.0,0.0,0.0,0.0,126.5522857,13.975,B,112238,False,False,False,False,8,2,2010
2010-02-26,12,59,1471.0,False,50.23,2.825,0.0,0.0,0.0,0.0,0.0,126.5522857,13.975,B,112238,False,False,False,False,8,2,2010
2010-02-26,12,60,492.8,False,50.23,2.825,0.0,0.0,0.0,0.0,0.0,126.5522857,13.975,B,112238,False,False,False,False,8,2,2010
2010-02-26,12,67,4849.32,False,50.23,2.825,0.0,0.0,0.0,0.0,0.0,126.5522857,13.975,B,112238,False,False,False,False,8,2,2010
2010-02-26,12,71,11056.5,False,50.23,2.825,0.0,0.0,0.0,0.0,0.0,126.5522857,13.975,B,112238,False,False,False,False,8,2,2010
2010-02-26,12,72,93785.52,False,50.23,2.825,0.0,0.0,0.0,0.0,0.0,126.5522857,13.975,B,112238,False,False,False,False,8,2,2010
2010-02-26,12,74,23259.95,False,50.23,2.825,0.0,0.0,0.0,0.0,0.0,126.5522857,13.975,B,112238,False,False,False,False,8,2,2010
2010-02-26,12,79,52883.4,False,50.23,2.825,0.0,0.0,0.0,0.0,0.0,126.5522857,13.975,B,112238,False,False,False,False,8,2,2010
2010-02-26,12,81,6497.56,False,50.23,2.825,0.0,0.0,0.0,0.0,0.0,126.5522857,13.975,B,112238,False,False,False,False,8,2,2010
2010-02-26,12,82,13613.12,False,50.23,2.825,0.0,0.0,0.0,0.0,0.0,126.5522857,13.975,B,112238,False,False,False,False,8,2,2010
2010-02-26,12,83,58.86,False,50.23,2.825,0.0,0.0,0.0,0.0,0.0,126.5522857,13.975,B,112238,False,False,False,False,8,2,2010
2010-02-26,12,85,2824.59,False,50.23,2.825,0.0,0.0,0.0,0.0,0.0,126.5522857,13.975,B,112238,False,False,False,False,8,2,2010
2010-02-26,12,87,11865.7,False,50.23,2.825,0.0,0.0,0.0,0.0,0.0,126.5522857,13.975,B,112238,False,False,False,False,8,2,2010
2010-02-26,12,90,9035.83,False,50.23,2.825,0.0,0.0,0.0,0.0,0.0,126.5522857,13.975,B,112238,False,False,False,False,8,2,2010
2010-02-26,12,91,6054.2,False,50.23,2.825,0.0,0.0,0.0,0.0,0.0,126.5522857,13.975,B,112238,False,False,False,False,8,2,2010
2010-02-26,12,92,22393.22,False,50.23,2.825,0.0,0.0,0.0,0.0,0.0,126.5522857,13.975,B,112238,False,False,False,False,8,2,2010
2010-02-26,12,93,348.71,False,50.23,2.825,0.0,0.0,0.0,0.0,0.0,126.5522857,13.975,B,112238,False,False,False,False,8,2,2010
2010-02-26,12,94,30.0,False,50.23,2.825,0.0,0.0,0.0,0.0,0.0,126.5522857,13.975,B,112238,False,False,False,False,8,2,2010
2010-02-26,12,95,35718.52,False,50.23,2.825,0.0,0.0,0.0,0.0,0.0,126.5522857,13.975,B,112238,False,False,False,False,8,2,2010
2010-02-26,12,97,2158.7,False,50.23,2.825,0.0,0.0,0.0,0.0,0.0,126.5522857,13.975,B,112238,False,False,False,False,8,2,2010
2010-02-26,12,98,805.41,False,50.23,2.825,0.0,0.0,0.0,0.0,0.0,126.5522857,13.975,B,112238,False,False,False,False,8,2,2010
2010-03-05,12,1,17098.49,False,53.77,2.987,0.0,0.0,0.0,0.0,0.0,126.5782857,13.975,B,112238,False,False,False,False,9,3,2010
2010-03-05,12,2,78276.17,False,53.77,2.987,0.0,0.0,0.0,0.0,0.0,126.5782857,13.975,B,112238,False,False,False,False,9,3,2010
2010-03-05,12,3,16045.09,False,53.77,2.987,0.0,0.0,0.0,0.0,0.0,126.5782857,13.975,B,112238,False,False,False,False,9,3,2010
2010-03-05,12,4,26065.38,False,53.77,2.987,0.0,0.0,0.0,0.0,0.0,126.5782857,13.975,B,112238,False,False,False,False,9,3,2010
2010-03-05,12,5,33646.96,False,53.77,2.987,0.0,0.0,0.0,0.0,0.0,126.5782857,13.975,B,112238,False,False,False,False,9,3,2010
2010-03-05,12,6,7724.82,False,53.77,2.987,0.0,0.0,0.0,0.0,0.0,126.5782857,13.975,B,112238,False,False,False,False,9,3,2010
2010-03-05,12,7,27005.0,False,53.77,2.987,0.0,0.0,0.0,0.0,0.0,126.5782857,13.975,B,112238,False,False,False,False,9,3,2010
2010-03-05,12,8,44649.9,False,53.77,2.987,0.0,0.0,0.0,0.0,0.0,126.5782857,13.975,B,112238,False,False,False,False,9,3,2010
2010-03-05,12,9,25386.94,False,53.77,2.987,0.0,0.0,0.0,0.0,0.0,126.5782857,13.975,B,112238,False,False,False,False,9,3,2010
2010-03-05,12,10,19953.26,False,53.77,2.987,0.0,0.0,0.0,0.0,0.0,126.5782857,13.975,B,112238,False,False,False,False,9,3,2010
2010-03-05,12,11,17873.34,False,53.77,2.987,0.0,0.0,0.0,0.0,0.0,126.5782857,13.975,B,112238,False,False,False,False,9,3,2010
2010-03-05,12,12,6437.56,False,53.77,2.987,0.0,0.0,0.0,0.0,0.0,126.5782857,13.975,B,112238,False,False,False,False,9,3,2010
2010-03-05,12,13,52377.9,False,53.77,2.987,0.0,0.0,0.0,0.0,0.0,126.5782857,13.975,B,112238,False,False,False,False,9,3,2010
2010-03-05,12,14,24839.5,False,53.77,2.987,0.0,0.0,0.0,0.0,0.0,126.5782857,13.975,B,112238,False,False,False,False,9,3,2010
2010-03-05,12,16,8287.1,False,53.77,2.987,0.0,0.0,0.0,0.0,0.0,126.5782857,13.975,B,112238,False,False,False,False,9,3,2010
2010-03-05,12,17,15675.36,False,53.77,2.987,0.0,0.0,0.0,0.0,0.0,126.5782857,13.975,B,112238,False,False,False,False,9,3,2010
2010-03-05,12,18,405.52,False,53.77,2.987,0.0,0.0,0.0,0.0,0.0,126.5782857,13.975,B,112238,False,False,False,False,9,3,2010
2010-03-05,12,19,3343.8,False,53.77,2.987,0.0,0.0,0.0,0.0,0.0,126.5782857,13.975,B,112238,False,False,False,False,9,3,2010
2010-03-05,12,20,9874.89,False,53.77,2.987,0.0,0.0,0.0,0.0,0.0,126.5782857,13.975,B,112238,False,False,False,False,9,3,2010
2010-03-05,12,21,4725.97,False,53.77,2.987,0.0,0.0,0.0,0.0,0.0,126.5782857,13.975,B,112238,False,False,False,False,9,3,2010
2010-03-05,12,22,13320.83,False,53.77,2.987,0.0,0.0,0.0,0.0,0.0,126.5782857,13.975,B,112238,False,False,False,False,9,3,2010
2010-03-05,12,23,38558.5,False,53.77,2.987,0.0,0.0,0.0,0.0,0.0,126.5782857,13.975,B,112238,False,False,False,False,9,3,2010
2010-03-05,12,24,12932.0,False,53.77,2.987,0.0,0.0,0.0,0.0,0.0,126.5782857,13.975,B,112238,False,False,False,False,9,3,2010
2010-03-05,12,25,20788.75,False,53.77,2.987,0.0,0.0,0.0,0.0,0.0,126.5782857,13.975,B,112238,False,False,False,False,9,3,2010
2010-03-05,12,26,17278.54,False,53.77,2.987,0.0,0.0,0.0,0.0,0.0,126.5782857,13.975,B,112238,False,False,False,False,9,3,2010
2010-03-05,12,27,2719.88,False,53.77,2.987,0.0,0.0,0.0,0.0,0.0,126.5782857,13.975,B,112238,False,False,False,False,9,3,2010
2010-03-05,12,28,1190.51,False,53.77,2.987,0.0,0.0,0.0,0.0,0.0,126.5782857,13.975,B,112238,False,False,False,False,9,3,2010
2010-03-05,12,29,6822.03,False,53.77,2.987,0.0,0.0,0.0,0.0,0.0,126.5782857,13.975,B,112238,False,False,False,False,9,3,2010
2010-03-05,12,30,7343.12,False,53.77,2.987,0.0,0.0,0.0,0.0,0.0,126.5782857,13.975,B,112238,False,False,False,False,9,3,2010
2010-03-05,12,31,3198.29,False,53.77,2.987,0.0,0.0,0.0,0.0,0.0,126.5782857,13.975,B,112238,False,False,False,False,9,3,2010
2010-03-05,12,32,8557.46,False,53.77,2.987,0.0,0.0,0.0,0.0,0.0,126.5782857,13.975,B,112238,False,False,False,False,9,3,2010
2010-03-05,12,33,9235.77,False,53.77,2.987,0.0,0.0,0.0,0.0,0.0,126.5782857,13.975,B,112238,False,False,False,False,9,3,2010
2010-03-05,12,34,27605.02,False,53.77,2.987,0.0,0.0,0.0,0.0,0.0,126.5782857,13.975,B,112238,False,False,False,False,9,3,2010
2010-03-05,12,35,3773.0,False,53.77,2.987,0.0,0.0,0.0,0.0,0.0,126.5782857,13.975,B,112238,False,False,False,False,9,3,2010
2010-03-05,12,36,959.0,False,53.77,2.987,0.0,0.0,0.0,0.0,0.0,126.5782857,13.975,B,112238,False,False,False,False,9,3,2010
2010-03-05,12,38,47842.31,False,53.77,2.987,0.0,0.0,0.0,0.0,0.0,126.5782857,13.975,B,112238,False,False,False,False,9,3,2010
2010-03-05,12,40,54195.37,False,53.77,2.987,0.0,0.0,0.0,0.0,0.0,126.5782857,13.975,B,112238,False,False,False,False,9,3,2010
2010-03-05,12,41,449.63,False,53.77,2.987,0.0,0.0,0.0,0.0,0.0,126.5782857,13.975,B,112238,False,False,False,False,9,3,2010
2010-03-05,12,42,5832.13,False,53.77,2.987,0.0,0.0,0.0,0.0,0.0,126.5782857,13.975,B,112238,False,False,False,False,9,3,2010
2010-03-05,12,44,6442.07,False,53.77,2.987,0.0,0.0,0.0,0.0,0.0,126.5782857,13.975,B,112238,False,False,False,False,9,3,2010
2010-03-05,12,45,12.47,False,53.77,2.987,0.0,0.0,0.0,0.0,0.0,126.5782857,13.975,B,112238,False,False,False,False,9,3,2010
2010-03-05,12,46,29435.2,False,53.77,2.987,0.0,0.0,0.0,0.0,0.0,126.5782857,13.975,B,112238,False,False,False,False,9,3,2010
2010-03-05,12,51,8.06,False,53.77,2.987,0.0,0.0,0.0,0.0,0.0,126.5782857,13.975,B,112238,False,False,False,False,9,3,2010
2010-03-05,12,52,4391.88,False,53.77,2.987,0.0,0.0,0.0,0.0,0.0,126.5782857,13.975,B,112238,False,False,False,False,9,3,2010
2010-03-05,12,54,249.0,False,53.77,2.987,0.0,0.0,0.0,0.0,0.0,126.5782857,13.975,B,112238,False,False,False,False,9,3,2010
2010-03-05,12,55,18241.35,False,53.77,2.987,0.0,0.0,0.0,0.0,0.0,126.5782857,13.975,B,112238,False,False,False,False,9,3,2010
2010-03-05,12,56,1575.5,False,53.77,2.987,0.0,0.0,0.0,0.0,0.0,126.5782857,13.975,B,112238,False,False,False,False,9,3,2010
2010-03-05,12,58,3415.0,False,53.77,2.987,0.0,0.0,0.0,0.0,0.0,126.5782857,13.975,B,112238,False,False,False,False,9,3,2010
2010-03-05,12,59,1283.45,False,53.77,2.987,0.0,0.0,0.0,0.0,0.0,126.5782857,13.975,B,112238,False,False,False,False,9,3,2010
2010-03-05,12,60,536.8,False,53.77,2.987,0.0,0.0,0.0,0.0,0.0,126.5782857,13.975,B,112238,False,False,False,False,9,3,2010
2010-03-05,12,67,4673.11,False,53.77,2.987,0.0,0.0,0.0,0.0,0.0,126.5782857,13.975,B,112238,False,False,False,False,9,3,2010
2010-03-05,12,71,8168.02,False,53.77,2.987,0.0,0.0,0.0,0.0,0.0,126.5782857,13.975,B,112238,False,False,False,False,9,3,2010
2010-03-05,12,72,78479.51,False,53.77,2.987,0.0,0.0,0.0,0.0,0.0,126.5782857,13.975,B,112238,False,False,False,False,9,3,2010
2010-03-05,12,74,24922.57,False,53.77,2.987,0.0,0.0,0.0,0.0,0.0,126.5782857,13.975,B,112238,False,False,False,False,9,3,2010
2010-03-05,12,78,12.0,False,53.77,2.987,0.0,0.0,0.0,0.0,0.0,126.5782857,13.975,B,112238,False,False,False,False,9,3,2010
2010-03-05,12,79,52392.75,False,53.77,2.987,0.0,0.0,0.0,0.0,0.0,126.5782857,13.975,B,112238,False,False,False,False,9,3,2010
2010-03-05,12,80,17.94,False,53.77,2.987,0.0,0.0,0.0,0.0,0.0,126.5782857,13.975,B,112238,False,False,False,False,9,3,2010
2010-03-05,12,81,6749.64,False,53.77,2.987,0.0,0.0,0.0,0.0,0.0,126.5782857,13.975,B,112238,False,False,False,False,9,3,2010
2010-03-05,12,82,14857.49,False,53.77,2.987,0.0,0.0,0.0,0.0,0.0,126.5782857,13.975,B,112238,False,False,False,False,9,3,2010
2010-03-05,12,83,315.18,False,53.77,2.987,0.0,0.0,0.0,0.0,0.0,126.5782857,13.975,B,112238,False,False,False,False,9,3,2010
2010-03-05,12,85,2803.1,False,53.77,2.987,0.0,0.0,0.0,0.0,0.0,126.5782857,13.975,B,112238,False,False,False,False,9,3,2010
2010-03-05,12,87,12602.38,False,53.77,2.987,0.0,0.0,0.0,0.0,0.0,126.5782857,13.975,B,112238,False,False,False,False,9,3,2010
2010-03-05,12,90,9547.2,False,53.77,2.987,0.0,0.0,0.0,0.0,0.0,126.5782857,13.975,B,112238,False,False,False,False,9,3,2010
2010-03-05,12,91,7087.83,False,53.77,2.987,0.0,0.0,0.0,0.0,0.0,126.5782857,13.975,B,112238,False,False,False,False,9,3,2010
2010-03-05,12,92,25100.27,False,53.77,2.987,0.0,0.0,0.0,0.0,0.0,126.5782857,13.975,B,112238,False,False,False,False,9,3,2010
2010-03-05,12,93,560.97,False,53.77,2.987,0.0,0.0,0.0,0.0,0.0,126.5782857,13.975,B,112238,False,False,False,False,9,3,2010
2010-03-05,12,94,79.42,False,53.77,2.987,0.0,0.0,0.0,0.0,0.0,126.5782857,13.975,B,112238,False,False,False,False,9,3,2010
2010-03-05,12,95,37447.21,False,53.77,2.987,0.0,0.0,0.0,0.0,0.0,126.5782857,13.975,B,112238,False,False,False,False,9,3,2010
2010-03-05,12,97,2416.09,False,53.77,2.987,0.0,0.0,0.0,0.0,0.0,126.5782857,13.975,B,112238,False,False,False,False,9,3,2010
2010-03-05,12,98,899.72,False,53.77,2.987,0.0,0.0,0.0,0.0,0.0,126.5782857,13.975,B,112238,False,False,False,False,9,3,2010
2010-03-12,12,1,15535.51,False,50.11,2.925,0.0,0.0,0.0,0.0,0.0,126.6042857,13.975,B,112238,False,False,False,False,10,3,2010
2010-03-12,12,2,70273.62,False,50.11,2.925,0.0,0.0,0.0,0.0,0.0,126.6042857,13.975,B,112238,False,False,False,False,10,3,2010
2010-03-12,12,3,14656.62,False,50.11,2.925,0.0,0.0,0.0,0.0,0.0,126.6042857,13.975,B,112238,False,False,False,False,10,3,2010
2010-03-12,12,4,24906.92,False,50.11,2.925,0.0,0.0,0.0,0.0,0.0,126.6042857,13.975,B,112238,False,False,False,False,10,3,2010
2010-03-12,12,5,33203.36,False,50.11,2.925,0.0,0.0,0.0,0.0,0.0,126.6042857,13.975,B,112238,False,False,False,False,10,3,2010
2010-03-12,12,6,6703.69,False,50.11,2.925,0.0,0.0,0.0,0.0,0.0,126.6042857,13.975,B,112238,False,False,False,False,10,3,2010
2010-03-12,12,7,26133.41,False,50.11,2.925,0.0,0.0,0.0,0.0,0.0,126.6042857,13.975,B,112238,False,False,False,False,10,3,2010
2010-03-12,12,8,42655.79,False,50.11,2.925,0.0,0.0,0.0,0.0,0.0,126.6042857,13.975,B,112238,False,False,False,False,10,3,2010
2010-03-12,12,9,22962.42,False,50.11,2.925,0.0,0.0,0.0,0.0,0.0,126.6042857,13.975,B,112238,False,False,False,False,10,3,2010
2010-03-12,12,10,17065.55,False,50.11,2.925,0.0,0.0,0.0,0.0,0.0,126.6042857,13.975,B,112238,False,False,False,False,10,3,2010
2010-03-12,12,11,16105.3,False,50.11,2.925,0.0,0.0,0.0,0.0,0.0,126.6042857,13.975,B,112238,False,False,False,False,10,3,2010
2010-03-12,12,12,5673.91,False,50.11,2.925,0.0,0.0,0.0,0.0,0.0,126.6042857,13.975,B,112238,False,False,False,False,10,3,2010
2010-03-12,12,13,45921.03,False,50.11,2.925,0.0,0.0,0.0,0.0,0.0,126.6042857,13.975,B,112238,False,False,False,False,10,3,2010
2010-03-12,12,14,21937.53,False,50.11,2.925,0.0,0.0,0.0,0.0,0.0,126.6042857,13.975,B,112238,False,False,False,False,10,3,2010
2010-03-12,12,16,7352.33,False,50.11,2.925,0.0,0.0,0.0,0.0,0.0,126.6042857,13.975,B,112238,False,False,False,False,10,3,2010
2010-03-12,12,17,15265.22,False,50.11,2.925,0.0,0.0,0.0,0.0,0.0,126.6042857,13.975,B,112238,False,False,False,False,10,3,2010
2010-03-12,12,18,813.14,False,50.11,2.925,0.0,0.0,0.0,0.0,0.0,126.6042857,13.975,B,112238,False,False,False,False,10,3,2010
2010-03-12,12,19,3122.52,False,50.11,2.925,0.0,0.0,0.0,0.0,0.0,126.6042857,13.975,B,112238,False,False,False,False,10,3,2010
2010-03-12,12,20,7974.95,False,50.11,2.925,0.0,0.0,0.0,0.0,0.0,126.6042857,13.975,B,112238,False,False,False,False,10,3,2010
2010-03-12,12,21,3940.51,False,50.11,2.925,0.0,0.0,0.0,0.0,0.0,126.6042857,13.975,B,112238,False,False,False,False,10,3,2010
2010-03-12,12,22,11971.28,False,50.11,2.925,0.0,0.0,0.0,0.0,0.0,126.6042857,13.975,B,112238,False,False,False,False,10,3,2010
2010-03-12,12,23,35021.31,False,50.11,2.925,0.0,0.0,0.0,0.0,0.0,126.6042857,13.975,B,112238,False,False,False,False,10,3,2010
2010-03-12,12,24,10098.96,False,50.11,2.925,0.0,0.0,0.0,0.0,0.0,126.6042857,13.975,B,112238,False,False,False,False,10,3,2010
2010-03-12,12,25,19100.25,False,50.11,2.925,0.0,0.0,0.0,0.0,0.0,126.6042857,13.975,B,112238,False,False,False,False,10,3,2010
2010-03-12,12,26,11903.15,False,50.11,2.925,0.0,0.0,0.0,0.0,0.0,126.6042857,13.975,B,112238,False,False,False,False,10,3,2010
2010-03-12,12,27,2322.34,False,50.11,2.925,0.0,0.0,0.0,0.0,0.0,126.6042857,13.975,B,112238,False,False,False,False,10,3,2010
2010-03-12,12,28,1104.79,False,50.11,2.925,0.0,0.0,0.0,0.0,0.0,126.6042857,13.975,B,112238,False,False,False,False,10,3,2010
2010-03-12,12,29,6514.37,False,50.11,2.925,0.0,0.0,0.0,0.0,0.0,126.6042857,13.975,B,112238,False,False,False,False,10,3,2010
2010-03-12,12,30,6119.94,False,50.11,2.925,0.0,0.0,0.0,0.0,0.0,126.6042857,13.975,B,112238,False,False,False,False,10,3,2010
2010-03-12,12,31,2871.96,False,50.11,2.925,0.0,0.0,0.0,0.0,0.0,126.6042857,13.975,B,112238,False,False,False,False,10,3,2010
2010-03-12,12,32,9198.99,False,50.11,2.925,0.0,0.0,0.0,0.0,0.0,126.6042857,13.975,B,112238,False,False,False,False,10,3,2010
2010-03-12,12,33,9698.83,False,50.11,2.925,0.0,0.0,0.0,0.0,0.0,126.6042857,13.975,B,112238,False,False,False,False,10,3,2010
2010-03-12,12,34,20962.07,False,50.11,2.925,0.0,0.0,0.0,0.0,0.0,126.6042857,13.975,B,112238,False,False,False,False,10,3,2010
2010-03-12,12,35,3549.0,False,50.11,2.925,0.0,0.0,0.0,0.0,0.0,126.6042857,13.975,B,112238,False,False,False,False,10,3,2010
2010-03-12,12,36,526.0,False,50.11,2.925,0.0,0.0,0.0,0.0,0.0,126.6042857,13.975,B,112238,False,False,False,False,10,3,2010
2010-03-12,12,38,50064.36,False,50.11,2.925,0.0,0.0,0.0,0.0,0.0,126.6042857,13.975,B,112238,False,False,False,False,10,3,2010
2010-03-12,12,40,49738.83,False,50.11,2.925,0.0,0.0,0.0,0.0,0.0,126.6042857,13.975,B,112238,False,False,False,False,10,3,2010
2010-03-12,12,41,450.24,False,50.11,2.925,0.0,0.0,0.0,0.0,0.0,126.6042857,13.975,B,112238,False,False,False,False,10,3,2010
2010-03-12,12,42,5591.75,False,50.11,2.925,0.0,0.0,0.0,0.0,0.0,126.6042857,13.975,B,112238,False,False,False,False,10,3,2010
2010-03-12,12,44,5819.38,False,50.11,2.925,0.0,0.0,0.0,0.0,0.0,126.6042857,13.975,B,112238,False,False,False,False,10,3,2010
2010-03-12,12,45,61.41,False,50.11,2.925,0.0,0.0,0.0,0.0,0.0,126.6042857,13.975,B,112238,False,False,False,False,10,3,2010
2010-03-12,12,46,27615.75,False,50.11,2.925,0.0,0.0,0.0,0.0,0.0,126.6042857,13.975,B,112238,False,False,False,False,10,3,2010
2010-03-12,12,51,41.5,False,50.11,2.925,0.0,0.0,0.0,0.0,0.0,126.6042857,13.975,B,112238,False,False,False,False,10,3,2010
2010-03-12,12,52,4932.84,False,50.11,2.925,0.0,0.0,0.0,0.0,0.0,126.6042857,13.975,B,112238,False,False,False,False,10,3,2010
2010-03-12,12,54,220.0,False,50.11,2.925,0.0,0.0,0.0,0.0,0.0,126.6042857,13.975,B,112238,False,False,False,False,10,3,2010
2010-03-12,12,55,19398.35,False,50.11,2.925,0.0,0.0,0.0,0.0,0.0,126.6042857,13.975,B,112238,False,False,False,False,10,3,2010
2010-03-12,12,56,1172.0,False,50.11,2.925,0.0,0.0,0.0,0.0,0.0,126.6042857,13.975,B,112238,False,False,False,False,10,3,2010
2010-03-12,12,58,2105.0,False,50.11,2.925,0.0,0.0,0.0,0.0,0.0,126.6042857,13.975,B,112238,False,False,False,False,10,3,2010
2010-03-12,12,59,1326.63,False,50.11,2.925,0.0,0.0,0.0,0.0,0.0,126.6042857,13.975,B,112238,False,False,False,False,10,3,2010
2010-03-12,12,60,475.2,False,50.11,2.925,0.0,0.0,0.0,0.0,0.0,126.6042857,13.975,B,112238,False,False,False,False,10,3,2010
2010-03-12,12,67,4789.09,False,50.11,2.925,0.0,0.0,0.0,0.0,0.0,126.6042857,13.975,B,112238,False,False,False,False,10,3,2010
2010-03-12,12,71,10512.04,False,50.11,2.925,0.0,0.0,0.0,0.0,0.0,126.6042857,13.975,B,112238,False,False,False,False,10,3,2010
2010-03-12,12,72,70507.75,False,50.11,2.925,0.0,0.0,0.0,0.0,0.0,126.6042857,13.975,B,112238,False,False,False,False,10,3,2010
2010-03-12,12,74,21716.53,False,50.11,2.925,0.0,0.0,0.0,0.0,0.0,126.6042857,13.975,B,112238,False,False,False,False,10,3,2010
2010-03-12,12,79,47400.4,False,50.11,2.925,0.0,0.0,0.0,0.0,0.0,126.6042857,13.975,B,112238,False,False,False,False,10,3,2010
2010-03-12,12,80,23.92,False,50.11,2.925,0.0,0.0,0.0,0.0,0.0,126.6042857,13.975,B,112238,False,False,False,False,10,3,2010
2010-03-12,12,81,6067.96,False,50.11,2.925,0.0,0.0,0.0,0.0,0.0,126.6042857,13.975,B,112238,False,False,False,False,10,3,2010
2010-03-12,12,82,14556.05,False,50.11,2.925,0.0,0.0,0.0,0.0,0.0,126.6042857,13.975,B,112238,False,False,False,False,10,3,2010
2010-03-12,12,83,166.18,False,50.11,2.925,0.0,0.0,0.0,0.0,0.0,126.6042857,13.975,B,112238,False,False,False,False,10,3,2010
2010-03-12,12,85,2453.41,False,50.11,2.925,0.0,0.0,0.0,0.0,0.0,126.6042857,13.975,B,112238,False,False,False,False,10,3,2010
2010-03-12,12,87,11214.46,False,50.11,2.925,0.0,0.0,0.0,0.0,0.0,126.6042857,13.975,B,112238,False,False,False,False,10,3,2010
2010-03-12,12,90,9126.92,False,50.11,2.925,0.0,0.0,0.0,0.0,0.0,126.6042857,13.975,B,112238,False,False,False,False,10,3,2010
2010-03-12,12,91,5817.39,False,50.11,2.925,0.0,0.0,0.0,0.0,0.0,126.6042857,13.975,B,112238,False,False,False,False,10,3,2010
2010-03-12,12,92,21368.46,False,50.11,2.925,0.0,0.0,0.0,0.0,0.0,126.6042857,13.975,B,112238,False,False,False,False,10,3,2010
2010-03-12,12,93,443.16,False,50.11,2.925,0.0,0.0,0.0,0.0,0.0,126.6042857,13.975,B,112238,False,False,False,False,10,3,2010
2010-03-12,12,94,5.07,False,50.11,2.925,0.0,0.0,0.0,0.0,0.0,126.6042857,13.975,B,112238,False,False,False,False,10,3,2010
2010-03-12,12,95,35025.66,False,50.11,2.925,0.0,0.0,0.0,0.0,0.0,126.6042857,13.975,B,112238,False,False,False,False,10,3,2010
2010-03-12,12,97,1992.9,False,50.11,2.925,0.0,0.0,0.0,0.0,0.0,126.6042857,13.975,B,112238,False,False,False,False,10,3,2010
2010-03-12,12,98,825.07,False,50.11,2.925,0.0,0.0,0.0,0.0,0.0,126.6042857,13.975,B,112238,False,False,False,False,10,3,2010
2010-03-19,12,1,15038.34,False,59.57,3.054,0.0,0.0,0.0,0.0,0.0,126.6066452,13.975,B,112238,False,False,False,False,11,3,2010
2010-03-19,12,2,67361.51,False,59.57,3.054,0.0,0.0,0.0,0.0,0.0,126.6066452,13.975,B,112238,False,False,False,False,11,3,2010
2010-03-19,12,3,13285.11,False,59.57,3.054,0.0,0.0,0.0,0.0,0.0,126.6066452,13.975,B,112238,False,False,False,False,11,3,2010
2010-03-19,12,4,24722.78,False,59.57,3.054,0.0,0.0,0.0,0.0,0.0,126.6066452,13.975,B,112238,False,False,False,False,11,3,2010
2010-03-19,12,5,32769.32,False,59.57,3.054,0.0,0.0,0.0,0.0,0.0,126.6066452,13.975,B,112238,False,False,False,False,11,3,2010
2010-03-19,12,6,6745.31,False,59.57,3.054,0.0,0.0,0.0,0.0,0.0,126.6066452,13.975,B,112238,False,False,False,False,11,3,2010
2010-03-19,12,7,26092.7,False,59.57,3.054,0.0,0.0,0.0,0.0,0.0,126.6066452,13.975,B,112238,False,False,False,False,11,3,2010
2010-03-19,12,8,41202.6,False,59.57,3.054,0.0,0.0,0.0,0.0,0.0,126.6066452,13.975,B,112238,False,False,False,False,11,3,2010
2010-03-19,12,9,22566.18,False,59.57,3.054,0.0,0.0,0.0,0.0,0.0,126.6066452,13.975,B,112238,False,False,False,False,11,3,2010
2010-03-19,12,10,17670.38,False,59.57,3.054,0.0,0.0,0.0,0.0,0.0,126.6066452,13.975,B,112238,False,False,False,False,11,3,2010
2010-03-19,12,11,17546.15,False,59.57,3.054,0.0,0.0,0.0,0.0,0.0,126.6066452,13.975,B,112238,False,False,False,False,11,3,2010
2010-03-19,12,12,5780.62,False,59.57,3.054,0.0,0.0,0.0,0.0,0.0,126.6066452,13.975,B,112238,False,False,False,False,11,3,2010
2010-03-19,12,13,43719.35,False,59.57,3.054,0.0,0.0,0.0,0.0,0.0,126.6066452,13.975,B,112238,False,False,False,False,11,3,2010
2010-03-19,12,14,21826.35,False,59.57,3.054,0.0,0.0,0.0,0.0,0.0,126.6066452,13.975,B,112238,False,False,False,False,11,3,2010
2010-03-19,12,16,10249.08,False,59.57,3.054,0.0,0.0,0.0,0.0,0.0,126.6066452,13.975,B,112238,False,False,False,False,11,3,2010
2010-03-19,12,17,13864.18,False,59.57,3.054,0.0,0.0,0.0,0.0,0.0,126.6066452,13.975,B,112238,False,False,False,False,11,3,2010
2010-03-19,12,18,1324.04,False,59.57,3.054,0.0,0.0,0.0,0.0,0.0,126.6066452,13.975,B,112238,False,False,False,False,11,3,2010
2010-03-19,12,19,3657.65,False,59.57,3.054,0.0,0.0,0.0,0.0,0.0,126.6066452,13.975,B,112238,False,False,False,False,11,3,2010
2010-03-19,12,20,7075.06,False,59.57,3.054,0.0,0.0,0.0,0.0,0.0,126.6066452,13.975,B,112238,False,False,False,False,11,3,2010
2010-03-19,12,21,4546.81,False,59.57,3.054,0.0,0.0,0.0,0.0,0.0,126.6066452,13.975,B,112238,False,False,False,False,11,3,2010
2010-03-19,12,22,12919.95,False,59.57,3.054,0.0,0.0,0.0,0.0,0.0,126.6066452,13.975,B,112238,False,False,False,False,11,3,2010
2010-03-19,12,23,34902.39,False,59.57,3.054,0.0,0.0,0.0,0.0,0.0,126.6066452,13.975,B,112238,False,False,False,False,11,3,2010
2010-03-19,12,24,10289.0,False,59.57,3.054,0.0,0.0,0.0,0.0,0.0,126.6066452,13.975,B,112238,False,False,False,False,11,3,2010
2010-03-19,12,25,19976.75,False,59.57,3.054,0.0,0.0,0.0,0.0,0.0,126.6066452,13.975,B,112238,False,False,False,False,11,3,2010
2010-03-19,12,26,12948.16,False,59.57,3.054,0.0,0.0,0.0,0.0,0.0,126.6066452,13.975,B,112238,False,False,False,False,11,3,2010
2010-03-19,12,27,2076.5,False,59.57,3.054,0.0,0.0,0.0,0.0,0.0,126.6066452,13.975,B,112238,False,False,False,False,11,3,2010
2010-03-19,12,28,943.44,False,59.57,3.054,0.0,0.0,0.0,0.0,0.0,126.6066452,13.975,B,112238,False,False,False,False,11,3,2010
2010-03-19,12,29,6086.56,False,59.57,3.054,0.0,0.0,0.0,0.0,0.0,126.6066452,13.975,B,112238,False,False,False,False,11,3,2010
2010-03-19,12,30,6592.0,False,59.57,3.054,0.0,0.0,0.0,0.0,0.0,126.6066452,13.975,B,112238,False,False,False,False,11,3,2010
2010-03-19,12,31,2242.09,False,59.57,3.054,0.0,0.0,0.0,0.0,0.0,126.6066452,13.975,B,112238,False,False,False,False,11,3,2010
2010-03-19,12,32,10377.72,False,59.57,3.054,0.0,0.0,0.0,0.0,0.0,126.6066452,13.975,B,112238,False,False,False,False,11,3,2010
2010-03-19,12,33,9305.35,False,59.57,3.054,0.0,0.0,0.0,0.0,0.0,126.6066452,13.975,B,112238,False,False,False,False,11,3,2010
2010-03-19,12,34,25596.46,False,59.57,3.054,0.0,0.0,0.0,0.0,0.0,126.6066452,13.975,B,112238,False,False,False,False,11,3,2010
2010-03-19,12,35,3700.0,False,59.57,3.054,0.0,0.0,0.0,0.0,0.0,126.6066452,13.975,B,112238,False,False,False,False,11,3,2010
2010-03-19,12,36,791.0,False,59.57,3.054,0.0,0.0,0.0,0.0,0.0,126.6066452,13.975,B,112238,False,False,False,False,11,3,2010
2010-03-19,12,38,45857.28,False,59.57,3.054,0.0,0.0,0.0,0.0,0.0,126.6066452,13.975,B,112238,False,False,False,False,11,3,2010
2010-03-19,12,40,49306.91,False,59.57,3.054,0.0,0.0,0.0,0.0,0.0,126.6066452,13.975,B,112238,False,False,False,False,11,3,2010
2010-03-19,12,41,304.0,False,59.57,3.054,0.0,0.0,0.0,0.0,0.0,126.6066452,13.975,B,112238,False,False,False,False,11,3,2010
2010-03-19,12,42,5559.63,False,59.57,3.054,0.0,0.0,0.0,0.0,0.0,126.6066452,13.975,B,112238,False,False,False,False,11,3,2010
2010-03-19,12,44,5490.4,False,59.57,3.054,0.0,0.0,0.0,0.0,0.0,126.6066452,13.975,B,112238,False,False,False,False,11,3,2010
2010-03-19,12,45,41.41,False,59.57,3.054,0.0,0.0,0.0,0.0,0.0,126.6066452,13.975,B,112238,False,False,False,False,11,3,2010
2010-03-19,12,46,28364.72,False,59.57,3.054,0.0,0.0,0.0,0.0,0.0,126.6066452,13.975,B,112238,False,False,False,False,11,3,2010
2010-03-19,12,51,4.0,False,59.57,3.054,0.0,0.0,0.0,0.0,0.0,126.6066452,13.975,B,112238,False,False,False,False,11,3,2010
2010-03-19,12,52,4289.11,False,59.57,3.054,0.0,0.0,0.0,0.0,0.0,126.6066452,13.975,B,112238,False,False,False,False,11,3,2010
2010-03-19,12,54,404.0,False,59.57,3.054,0.0,0.0,0.0,0.0,0.0,126.6066452,13.975,B,112238,False,False,False,False,11,3,2010
2010-03-19,12,55,17166.89,False,59.57,3.054,0.0,0.0,0.0,0.0,0.0,126.6066452,13.975,B,112238,False,False,False,False,11,3,2010
2010-03-19,12,56,1728.78,False,59.57,3.054,0.0,0.0,0.0,0.0,0.0,126.6066452,13.975,B,112238,False,False,False,False,11,3,2010
2010-03-19,12,58,3535.0,False,59.57,3.054,0.0,0.0,0.0,0.0,0.0,126.6066452,13.975,B,112238,False,False,False,False,11,3,2010
2010-03-19,12,59,975.41,False,59.57,3.054,0.0,0.0,0.0,0.0,0.0,126.6066452,13.975,B,112238,False,False,False,False,11,3,2010
2010-03-19,12,60,440.0,False,59.57,3.054,0.0,0.0,0.0,0.0,0.0,126.6066452,13.975,B,112238,False,False,False,False,11,3,2010
2010-03-19,12,67,5017.21,False,59.57,3.054,0.0,0.0,0.0,0.0,0.0,126.6066452,13.975,B,112238,False,False,False,False,11,3,2010
2010-03-19,12,71,8488.2,False,59.57,3.054,0.0,0.0,0.0,0.0,0.0,126.6066452,13.975,B,112238,False,False,False,False,11,3,2010
2010-03-19,12,72,62209.35,False,59.57,3.054,0.0,0.0,0.0,0.0,0.0,126.6066452,13.975,B,112238,False,False,False,False,11,3,2010
2010-03-19,12,74,19849.78,False,59.57,3.054,0.0,0.0,0.0,0.0,0.0,126.6066452,13.975,B,112238,False,False,False,False,11,3,2010
2010-03-19,12,78,12.0,False,59.57,3.054,0.0,0.0,0.0,0.0,0.0,126.6066452,13.975,B,112238,False,False,False,False,11,3,2010
2010-03-19,12,79,43811.58,False,59.57,3.054,0.0,0.0,0.0,0.0,0.0,126.6066452,13.975,B,112238,False,False,False,False,11,3,2010
2010-03-19,12,80,26.9,False,59.57,3.054,0.0,0.0,0.0,0.0,0.0,126.6066452,13.975,B,112238,False,False,False,False,11,3,2010
2010-03-19,12,81,5786.88,False,59.57,3.054,0.0,0.0,0.0,0.0,0.0,126.6066452,13.975,B,112238,False,False,False,False,11,3,2010
2010-03-19,12,82,14222.13,False,59.57,3.054,0.0,0.0,0.0,0.0,0.0,126.6066452,13.975,B,112238,False,False,False,False,11,3,2010
2010-03-19,12,83,228.7,False,59.57,3.054,0.0,0.0,0.0,0.0,0.0,126.6066452,13.975,B,112238,False,False,False,False,11,3,2010
2010-03-19,12,85,2178.26,False,59.57,3.054,0.0,0.0,0.0,0.0,0.0,126.6066452,13.975,B,112238,False,False,False,False,11,3,2010
2010-03-19,12,87,12518.51,False,59.57,3.054,0.0,0.0,0.0,0.0,0.0,126.6066452,13.975,B,112238,False,False,False,False,11,3,2010
2010-03-19,12,90,8859.75,False,59.57,3.054,0.0,0.0,0.0,0.0,0.0,126.6066452,13.975,B,112238,False,False,False,False,11,3,2010
2010-03-19,12,91,6051.44,False,59.57,3.054,0.0,0.0,0.0,0.0,0.0,126.6066452,13.975,B,112238,False,False,False,False,11,3,2010
2010-03-19,12,92,20184.24,False,59.57,3.054,0.0,0.0,0.0,0.0,0.0,126.6066452,13.975,B,112238,False,False,False,False,11,3,2010
2010-03-19,12,93,381.11,False,59.57,3.054,0.0,0.0,0.0,0.0,0.0,126.6066452,13.975,B,112238,False,False,False,False,11,3,2010
2010-03-19,12,94,1.14,False,59.57,3.054,0.0,0.0,0.0,0.0,0.0,126.6066452,13.975,B,112238,False,False,False,False,11,3,2010
2010-03-19,12,95,39861.0,False,59.57,3.054,0.0,0.0,0.0,0.0,0.0,126.6066452,13.975,B,112238,False,False,False,False,11,3,2010
2010-03-19,12,97,2340.97,False,59.57,3.054,0.0,0.0,0.0,0.0,0.0,126.6066452,13.975,B,112238,False,False,False,False,11,3,2010
2010-03-19,12,98,800.76,False,59.57,3.054,0.0,0.0,0.0,0.0,0.0,126.6066452,13.975,B,112238,False,False,False,False,11,3,2010
2010-03-26,12,1,17477.41,False,60.06,3.083,0.0,0.0,0.0,0.0,0.0,126.6050645,13.975,B,112238,False,False,False,False,12,3,2010
2010-03-26,12,2,69988.59,False,60.06,3.083,0.0,0.0,0.0,0.0,0.0,126.6050645,13.975,B,112238,False,False,False,False,12,3,2010
2010-03-26,12,3,12133.8,False,60.06,3.083,0.0,0.0,0.0,0.0,0.0,126.6050645,13.975,B,112238,False,False,False,False,12,3,2010
2010-03-26,12,4,24992.76,False,60.06,3.083,0.0,0.0,0.0,0.0,0.0,126.6050645,13.975,B,112238,False,False,False,False,12,3,2010
2010-03-26,12,5,49417.5,False,60.06,3.083,0.0,0.0,0.0,0.0,0.0,126.6050645,13.975,B,112238,False,False,False,False,12,3,2010
2010-03-26,12,6,7025.08,False,60.06,3.083,0.0,0.0,0.0,0.0,0.0,126.6050645,13.975,B,112238,False,False,False,False,12,3,2010
2010-03-26,12,7,27086.38,False,60.06,3.083,0.0,0.0,0.0,0.0,0.0,126.6050645,13.975,B,112238,False,False,False,False,12,3,2010
2010-03-26,12,8,41296.94,False,60.06,3.083,0.0,0.0,0.0,0.0,0.0,126.6050645,13.975,B,112238,False,False,False,False,12,3,2010
2010-03-26,12,9,26496.32,False,60.06,3.083,0.0,0.0,0.0,0.0,0.0,126.6050645,13.975,B,112238,False,False,False,False,12,3,2010
2010-03-26,12,10,20376.68,False,60.06,3.083,0.0,0.0,0.0,0.0,0.0,126.6050645,13.975,B,112238,False,False,False,False,12,3,2010
2010-03-26,12,11,15831.95,False,60.06,3.083,0.0,0.0,0.0,0.0,0.0,126.6050645,13.975,B,112238,False,False,False,False,12,3,2010
2010-03-26,12,12,6481.83,False,60.06,3.083,0.0,0.0,0.0,0.0,0.0,126.6050645,13.975,B,112238,False,False,False,False,12,3,2010
2010-03-26,12,13,44796.96,False,60.06,3.083,0.0,0.0,0.0,0.0,0.0,126.6050645,13.975,B,112238,False,False,False,False,12,3,2010
2010-03-26,12,14,17662.72,False,60.06,3.083,0.0,0.0,0.0,0.0,0.0,126.6050645,13.975,B,112238,False,False,False,False,12,3,2010
2010-03-26,12,16,12933.86,False,60.06,3.083,0.0,0.0,0.0,0.0,0.0,126.6050645,13.975,B,112238,False,False,False,False,12,3,2010
2010-03-26,12,17,11531.78,False,60.06,3.083,0.0,0.0,0.0,0.0,0.0,126.6050645,13.975,B,112238,False,False,False,False,12,3,2010
2010-03-26,12,18,2856.06,False,60.06,3.083,0.0,0.0,0.0,0.0,0.0,126.6050645,13.975,B,112238,False,False,False,False,12,3,2010
2010-03-26,12,19,3089.15,False,60.06,3.083,0.0,0.0,0.0,0.0,0.0,126.6050645,13.975,B,112238,False,False,False,False,12,3,2010
2010-03-26,12,20,7090.56,False,60.06,3.083,0.0,0.0,0.0,0.0,0.0,126.6050645,13.975,B,112238,False,False,False,False,12,3,2010
2010-03-26,12,21,4452.22,False,60.06,3.083,0.0,0.0,0.0,0.0,0.0,126.6050645,13.975,B,112238,False,False,False,False,12,3,2010
2010-03-26,12,22,10540.51,False,60.06,3.083,0.0,0.0,0.0,0.0,0.0,126.6050645,13.975,B,112238,False,False,False,False,12,3,2010
2010-03-26,12,23,34795.08,False,60.06,3.083,0.0,0.0,0.0,0.0,0.0,126.6050645,13.975,B,112238,False,False,False,False,12,3,2010
2010-03-26,12,24,9816.25,False,60.06,3.083,0.0,0.0,0.0,0.0,0.0,126.6050645,13.975,B,112238,False,False,False,False,12,3,2010
2010-03-26,12,25,18983.55,False,60.06,3.083,0.0,0.0,0.0,0.0,0.0,126.6050645,13.975,B,112238,False,False,False,False,12,3,2010
2010-03-26,12,26,12572.46,False,60.06,3.083,0.0,0.0,0.0,0.0,0.0,126.6050645,13.975,B,112238,False,False,False,False,12,3,2010
2010-03-26,12,27,2284.0,False,60.06,3.083,0.0,0.0,0.0,0.0,0.0,126.6050645,13.975,B,112238,False,False,False,False,12,3,2010
2010-03-26,12,28,1084.08,False,60.06,3.083,0.0,0.0,0.0,0.0,0.0,126.6050645,13.975,B,112238,False,False,False,False,12,3,2010
2010-03-26,12,29,5772.47,False,60.06,3.083,0.0,0.0,0.0,0.0,0.0,126.6050645,13.975,B,112238,False,False,False,False,12,3,2010
2010-03-26,12,30,6403.84,False,60.06,3.083,0.0,0.0,0.0,0.0,0.0,126.6050645,13.975,B,112238,False,False,False,False,12,3,2010
2010-03-26,12,31,2224.42,False,60.06,3.083,0.0,0.0,0.0,0.0,0.0,126.6050645,13.975,B,112238,False,False,False,False,12,3,2010
2010-03-26,12,32,8751.07,False,60.06,3.083,0.0,0.0,0.0,0.0,0.0,126.6050645,13.975,B,112238,False,False,False,False,12,3,2010
2010-03-26,12,33,8071.56,False,60.06,3.083,0.0,0.0,0.0,0.0,0.0,126.6050645,13.975,B,112238,False,False,False,False,12,3,2010
2010-03-26,12,34,22862.94,False,60.06,3.083,0.0,0.0,0.0,0.0,0.0,126.6050645,13.975,B,112238,False,False,False,False,12,3,2010
2010-03-26,12,35,3150.0,False,60.06,3.083,0.0,0.0,0.0,0.0,0.0,126.6050645,13.975,B,112238,False,False,False,False,12,3,2010
2010-03-26,12,36,1090.0,False,60.06,3.083,0.0,0.0,0.0,0.0,0.0,126.6050645,13.975,B,112238,False,False,False,False,12,3,2010
2010-03-26,12,38,50651.6,False,60.06,3.083,0.0,0.0,0.0,0.0,0.0,126.6050645,13.975,B,112238,False,False,False,False,12,3,2010
2010-03-26,12,40,53622.47,False,60.06,3.083,0.0,0.0,0.0,0.0,0.0,126.6050645,13.975,B,112238,False,False,False,False,12,3,2010
2010-03-26,12,41,236.77,False,60.06,3.083,0.0,0.0,0.0,0.0,0.0,126.6050645,13.975,B,112238,False,False,False,False,12,3,2010
2010-03-26,12,42,5819.16,False,60.06,3.083,0.0,0.0,0.0,0.0,0.0,126.6050645,13.975,B,112238,False,False,False,False,12,3,2010
2010-03-26,12,44,5764.44,False,60.06,3.083,0.0,0.0,0.0,0.0,0.0,126.6050645,13.975,B,112238,False,False,False,False,12,3,2010
2010-03-26,12,45,17.47,False,60.06,3.083,0.0,0.0,0.0,0.0,0.0,126.6050645,13.975,B,112238,False,False,False,False,12,3,2010
2010-03-26,12,46,28525.81,False,60.06,3.083,0.0,0.0,0.0,0.0,0.0,126.6050645,13.975,B,112238,False,False,False,False,12,3,2010
2010-03-26,12,51,1.5,False,60.06,3.083,0.0,0.0,0.0,0.0,0.0,126.6050645,13.975,B,112238,False,False,False,False,12,3,2010
2010-03-26,12,52,4300.57,False,60.06,3.083,0.0,0.0,0.0,0.0,0.0,126.6050645,13.975,B,112238,False,False,False,False,12,3,2010
2010-03-26,12,54,449.0,False,60.06,3.083,0.0,0.0,0.0,0.0,0.0,126.6050645,13.975,B,112238,False,False,False,False,12,3,2010
2010-03-26,12,55,15647.29,False,60.06,3.083,0.0,0.0,0.0,0.0,0.0,126.6050645,13.975,B,112238,False,False,False,False,12,3,2010
2010-03-26,12,56,2168.57,False,60.06,3.083,0.0,0.0,0.0,0.0,0.0,126.6050645,13.975,B,112238,False,False,False,False,12,3,2010
2010-03-26,12,58,2510.0,False,60.06,3.083,0.0,0.0,0.0,0.0,0.0,126.6050645,13.975,B,112238,False,False,False,False,12,3,2010
2010-03-26,12,59,1100.71,False,60.06,3.083,0.0,0.0,0.0,0.0,0.0,126.6050645,13.975,B,112238,False,False,False,False,12,3,2010
2010-03-26,12,60,387.2,False,60.06,3.083,0.0,0.0,0.0,0.0,0.0,126.6050645,13.975,B,112238,False,False,False,False,12,3,2010
2010-03-26,12,67,4873.39,False,60.06,3.083,0.0,0.0,0.0,0.0,0.0,126.6050645,13.975,B,112238,False,False,False,False,12,3,2010
2010-03-26,12,71,6989.69,False,60.06,3.083,0.0,0.0,0.0,0.0,0.0,126.6050645,13.975,B,112238,False,False,False,False,12,3,2010
2010-03-26,12,72,54210.07,False,60.06,3.083,0.0,0.0,0.0,0.0,0.0,126.6050645,13.975,B,112238,False,False,False,False,12,3,2010
2010-03-26,12,74,20054.69,False,60.06,3.083,0.0,0.0,0.0,0.0,0.0,126.6050645,13.975,B,112238,False,False,False,False,12,3,2010
2010-03-26,12,78,12.0,False,60.06,3.083,0.0,0.0,0.0,0.0,0.0,126.6050645,13.975,B,112238,False,False,False,False,12,3,2010
2010-03-26,12,79,44250.2,False,60.06,3.083,0.0,0.0,0.0,0.0,0.0,126.6050645,13.975,B,112238,False,False,False,False,12,3,2010
2010-03-26,12,80,23.9,False,60.06,3.083,0.0,0.0,0.0,0.0,0.0,126.6050645,13.975,B,112238,False,False,False,False,12,3,2010
2010-03-26,12,81,5626.75,False,60.06,3.083,0.0,0.0,0.0,0.0,0.0,126.6050645,13.975,B,112238,False,False,False,False,12,3,2010
2010-03-26,12,82,12923.6,False,60.06,3.083,0.0,0.0,0.0,0.0,0.0,126.6050645,13.975,B,112238,False,False,False,False,12,3,2010
2010-03-26,12,83,173.74,False,60.06,3.083,0.0,0.0,0.0,0.0,0.0,126.6050645,13.975,B,112238,False,False,False,False,12,3,2010
2010-03-26,12,85,2365.26,False,60.06,3.083,0.0,0.0,0.0,0.0,0.0,126.6050645,13.975,B,112238,False,False,False,False,12,3,2010
2010-03-26,12,87,8347.43,False,60.06,3.083,0.0,0.0,0.0,0.0,0.0,126.6050645,13.975,B,112238,False,False,False,False,12,3,2010
2010-03-26,12,90,8829.36,False,60.06,3.083,0.0,0.0,0.0,0.0,0.0,126.6050645,13.975,B,112238,False,False,False,False,12,3,2010
2010-03-26,12,91,6379.5,False,60.06,3.083,0.0,0.0,0.0,0.0,0.0,126.6050645,13.975,B,112238,False,False,False,False,12,3,2010
2010-03-26,12,92,19842.46,False,60.06,3.083,0.0,0.0,0.0,0.0,0.0,126.6050645,13.975,B,112238,False,False,False,False,12,3,2010
2010-03-26,12,93,424.92,False,60.06,3.083,0.0,0.0,0.0,0.0,0.0,126.6050645,13.975,B,112238,False,False,False,False,12,3,2010
2010-03-26,12,94,15.91,False,60.06,3.083,0.0,0.0,0.0,0.0,0.0,126.6050645,13.975,B,112238,False,False,False,False,12,3,2010
2010-03-26,12,95,41124.62,False,60.06,3.083,0.0,0.0,0.0,0.0,0.0,126.6050645,13.975,B,112238,False,False,False,False,12,3,2010
2010-03-26,12,97,2301.71,False,60.06,3.083,0.0,0.0,0.0,0.0,0.0,126.6050645,13.975,B,112238,False,False,False,False,12,3,2010
2010-03-26,12,98,773.38,False,60.06,3.083,0.0,0.0,0.0,0.0,0.0,126.6050645,13.975,B,112238,False,False,False,False,12,3,2010
2010-04-02,12,1,43175.19,False,59.84,3.086,0.0,0.0,0.0,0.0,0.0,126.6034839,14.099,B,112238,False,False,False,False,13,4,2010
2010-04-02,12,2,69967.79,False,59.84,3.086,0.0,0.0,0.0,0.0,0.0,126.6034839,14.099,B,112238,False,False,False,False,13,4,2010
2010-04-02,12,3,10802.73,False,59.84,3.086,0.0,0.0,0.0,0.0,0.0,126.6034839,14.099,B,112238,False,False,False,False,13,4,2010
2010-04-02,12,4,26438.71,False,59.84,3.086,0.0,0.0,0.0,0.0,0.0,126.6034839,14.099,B,112238,False,False,False,False,13,4,2010
2010-04-02,12,5,36708.31,False,59.84,3.086,0.0,0.0,0.0,0.0,0.0,126.6034839,14.099,B,112238,False,False,False,False,13,4,2010
2010-04-02,12,6,7223.39,False,59.84,3.086,0.0,0.0,0.0,0.0,0.0,126.6034839,14.099,B,112238,False,False,False,False,13,4,2010
2010-04-02,12,7,32492.63,False,59.84,3.086,0.0,0.0,0.0,0.0,0.0,126.6034839,14.099,B,112238,False,False,False,False,13,4,2010
2010-04-02,12,8,44480.2,False,59.84,3.086,0.0,0.0,0.0,0.0,0.0,126.6034839,14.099,B,112238,False,False,False,False,13,4,2010
2010-04-02,12,9,23189.99,False,59.84,3.086,0.0,0.0,0.0,0.0,0.0,126.6034839,14.099,B,112238,False,False,False,False,13,4,2010
2010-04-02,12,10,15991.24,False,59.84,3.086,0.0,0.0,0.0,0.0,0.0,126.6034839,14.099,B,112238,False,False,False,False,13,4,2010
2010-04-02,12,11,16943.68,False,59.84,3.086,0.0,0.0,0.0,0.0,0.0,126.6034839,14.099,B,112238,False,False,False,False,13,4,2010
2010-04-02,12,12,6544.18,False,59.84,3.086,0.0,0.0,0.0,0.0,0.0,126.6034839,14.099,B,112238,False,False,False,False,13,4,2010
2010-04-02,12,13,47507.15,False,59.84,3.086,0.0,0.0,0.0,0.0,0.0,126.6034839,14.099,B,112238,False,False,False,False,13,4,2010
2010-04-02,12,14,20271.56,False,59.84,3.086,0.0,0.0,0.0,0.0,0.0,126.6034839,14.099,B,112238,False,False,False,False,13,4,2010
2010-04-02,12,16,12759.85,False,59.84,3.086,0.0,0.0,0.0,0.0,0.0,126.6034839,14.099,B,112238,False,False,False,False,13,4,2010
2010-04-02,12,17,12693.65,False,59.84,3.086,0.0,0.0,0.0,0.0,0.0,126.6034839,14.099,B,112238,False,False,False,False,13,4,2010
2010-04-02,12,18,8161.17,False,59.84,3.086,0.0,0.0,0.0,0.0,0.0,126.6034839,14.099,B,112238,False,False,False,False,13,4,2010
2010-04-02,12,19,2779.43,False,59.84,3.086,0.0,0.0,0.0,0.0,0.0,126.6034839,14.099,B,112238,False,False,False,False,13,4,2010
2010-04-02,12,20,7628.64,False,59.84,3.086,0.0,0.0,0.0,0.0,0.0,126.6034839,14.099,B,112238,False,False,False,False,13,4,2010
2010-04-02,12,21,4766.34,False,59.84,3.086,0.0,0.0,0.0,0.0,0.0,126.6034839,14.099,B,112238,False,False,False,False,13,4,2010
2010-04-02,12,22,11410.78,False,59.84,3.086,0.0,0.0,0.0,0.0,0.0,126.6034839,14.099,B,112238,False,False,False,False,13,4,2010
2010-04-02,12,23,33185.72,False,59.84,3.086,0.0,0.0,0.0,0.0,0.0,126.6034839,14.099,B,112238,False,False,False,False,13,4,2010
2010-04-02,12,24,9150.51,False,59.84,3.086,0.0,0.0,0.0,0.0,0.0,126.6034839,14.099,B,112238,False,False,False,False,13,4,2010
2010-04-02,12,25,21442.5,False,59.84,3.086,0.0,0.0,0.0,0.0,0.0,126.6034839,14.099,B,112238,False,False,False,False,13,4,2010
2010-04-02,12,26,14005.91,False,59.84,3.086,0.0,0.0,0.0,0.0,0.0,126.6034839,14.099,B,112238,False,False,False,False,13,4,2010
2010-04-02,12,27,1979.0,False,59.84,3.086,0.0,0.0,0.0,0.0,0.0,126.6034839,14.099,B,112238,False,False,False,False,13,4,2010
2010-04-02,12,28,1109.78,False,59.84,3.086,0.0,0.0,0.0,0.0,0.0,126.6034839,14.099,B,112238,False,False,False,False,13,4,2010
2010-04-02,12,29,4943.75,False,59.84,3.086,0.0,0.0,0.0,0.0,0.0,126.6034839,14.099,B,112238,False,False,False,False,13,4,2010
2010-04-02,12,30,7119.88,False,59.84,3.086,0.0,0.0,0.0,0.0,0.0,126.6034839,14.099,B,112238,False,False,False,False,13,4,2010
2010-04-02,12,31,2023.5,False,59.84,3.086,0.0,0.0,0.0,0.0,0.0,126.6034839,14.099,B,112238,False,False,False,False,13,4,2010
2010-04-02,12,32,7997.08,False,59.84,3.086,0.0,0.0,0.0,0.0,0.0,126.6034839,14.099,B,112238,False,False,False,False,13,4,2010
2010-04-02,12,33,10551.13,False,59.84,3.086,0.0,0.0,0.0,0.0,0.0,126.6034839,14.099,B,112238,False,False,False,False,13,4,2010
2010-04-02,12,34,20614.29,False,59.84,3.086,0.0,0.0,0.0,0.0,0.0,126.6034839,14.099,B,112238,False,False,False,False,13,4,2010
2010-04-02,12,35,2683.0,False,59.84,3.086,0.0,0.0,0.0,0.0,0.0,126.6034839,14.099,B,112238,False,False,False,False,13,4,2010
2010-04-02,12,36,1542.0,False,59.84,3.086,0.0,0.0,0.0,0.0,0.0,126.6034839,14.099,B,112238,False,False,False,False,13,4,2010
2010-04-02,12,38,48445.81,False,59.84,3.086,0.0,0.0,0.0,0.0,0.0,126.6034839,14.099,B,112238,False,False,False,False,13,4,2010
2010-04-02,12,40,48274.91,False,59.84,3.086,0.0,0.0,0.0,0.0,0.0,126.6034839,14.099,B,112238,False,False,False,False,13,4,2010
2010-04-02,12,41,497.97,False,59.84,3.086,0.0,0.0,0.0,0.0,0.0,126.6034839,14.099,B,112238,False,False,False,False,13,4,2010
2010-04-02,12,42,5152.76,False,59.84,3.086,0.0,0.0,0.0,0.0,0.0,126.6034839,14.099,B,112238,False,False,False,False,13,4,2010
2010-04-02,12,44,5482.24,False,59.84,3.086,0.0,0.0,0.0,0.0,0.0,126.6034839,14.099,B,112238,False,False,False,False,13,4,2010
2010-04-02,12,45,24.44,False,59.84,3.086,0.0,0.0,0.0,0.0,0.0,126.6034839,14.099,B,112238,False,False,False,False,13,4,2010
2010-04-02,12,46,28275.92,False,59.84,3.086,0.0,0.0,0.0,0.0,0.0,126.6034839,14.099,B,112238,False,False,False,False,13,4,2010
2010-04-02,12,52,4577.73,False,59.84,3.086,0.0,0.0,0.0,0.0,0.0,126.6034839,14.099,B,112238,False,False,False,False,13,4,2010
2010-04-02,12,54,525.0,False,59.84,3.086,0.0,0.0,0.0,0.0,0.0,126.6034839,14.099,B,112238,False,False,False,False,13,4,2010
2010-04-02,12,55,15520.55,False,59.84,3.086,0.0,0.0,0.0,0.0,0.0,126.6034839,14.099,B,112238,False,False,False,False,13,4,2010
2010-04-02,12,56,2294.72,False,59.84,3.086,0.0,0.0,0.0,0.0,0.0,126.6034839,14.099,B,112238,False,False,False,False,13,4,2010
2010-04-02,12,58,3352.0,False,59.84,3.086,0.0,0.0,0.0,0.0,0.0,126.6034839,14.099,B,112238,False,False,False,False,13,4,2010
2010-04-02,12,59,1046.71,False,59.84,3.086,0.0,0.0,0.0,0.0,0.0,126.6034839,14.099,B,112238,False,False,False,False,13,4,2010
2010-04-02,12,60,484.0,False,59.84,3.086,0.0,0.0,0.0,0.0,0.0,126.6034839,14.099,B,112238,False,False,False,False,13,4,2010
2010-04-02,12,67,5277.28,False,59.84,3.086,0.0,0.0,0.0,0.0,0.0,126.6034839,14.099,B,112238,False,False,False,False,13,4,2010
2010-04-02,12,71,7555.39,False,59.84,3.086,0.0,0.0,0.0,0.0,0.0,126.6034839,14.099,B,112238,False,False,False,False,13,4,2010
2010-04-02,12,72,52907.26,False,59.84,3.086,0.0,0.0,0.0,0.0,0.0,126.6034839,14.099,B,112238,False,False,False,False,13,4,2010
2010-04-02,12,74,18610.33,False,59.84,3.086,0.0,0.0,0.0,0.0,0.0,126.6034839,14.099,B,112238,False,False,False,False,13,4,2010
2010-04-02,12,79,46437.64,False,59.84,3.086,0.0,0.0,0.0,0.0,0.0,126.6034839,14.099,B,112238,False,False,False,False,13,4,2010
2010-04-02,12,80,8.96,False,59.84,3.086,0.0,0.0,0.0,0.0,0.0,126.6034839,14.099,B,112238,False,False,False,False,13,4,2010
2010-04-02,12,81,5952.85,False,59.84,3.086,0.0,0.0,0.0,0.0,0.0,126.6034839,14.099,B,112238,False,False,False,False,13,4,2010
2010-04-02,12,82,13155.47,False,59.84,3.086,0.0,0.0,0.0,0.0,0.0,126.6034839,14.099,B,112238,False,False,False,False,13,4,2010
2010-04-02,12,83,298.76,False,59.84,3.086,0.0,0.0,0.0,0.0,0.0,126.6034839,14.099,B,112238,False,False,False,False,13,4,2010
2010-04-02,12,85,2350.21,False,59.84,3.086,0.0,0.0,0.0,0.0,0.0,126.6034839,14.099,B,112238,False,False,False,False,13,4,2010
2010-04-02,12,87,10059.0,False,59.84,3.086,0.0,0.0,0.0,0.0,0.0,126.6034839,14.099,B,112238,False,False,False,False,13,4,2010
2010-04-02,12,90,9521.28,False,59.84,3.086,0.0,0.0,0.0,0.0,0.0,126.6034839,14.099,B,112238,False,False,False,False,13,4,2010
2010-04-02,12,91,6862.35,False,59.84,3.086,0.0,0.0,0.0,0.0,0.0,126.6034839,14.099,B,112238,False,False,False,False,13,4,2010
2010-04-02,12,92,20499.09,False,59.84,3.086,0.0,0.0,0.0,0.0,0.0,126.6034839,14.099,B,112238,False,False,False,False,13,4,2010
2010-04-02,12,93,359.52,False,59.84,3.086,0.0,0.0,0.0,0.0,0.0,126.6034839,14.099,B,112238,False,False,False,False,13,4,2010
2010-04-02,12,94,4.52,False,59.84,3.086,0.0,0.0,0.0,0.0,0.0,126.6034839,14.099,B,112238,False,False,False,False,13,4,2010
2010-04-02,12,95,44595.96,False,59.84,3.086,0.0,0.0,0.0,0.0,0.0,126.6034839,14.099,B,112238,False,False,False,False,13,4,2010
2010-04-02,12,97,2383.07,False,59.84,3.086,0.0,0.0,0.0,0.0,0.0,126.6034839,14.099,B,112238,False,False,False,False,13,4,2010
2010-04-02,12,98,743.94,False,59.84,3.086,0.0,0.0,0.0,0.0,0.0,126.6034839,14.099,B,112238,False,False,False,False,13,4,2010
2010-04-09,12,1,42083.31,False,59.25,3.09,0.0,0.0,0.0,0.0,0.0,126.6019032,14.099,B,112238,False,False,False,False,14,4,2010
2010-04-09,12,2,71840.47,False,59.25,3.09,0.0,0.0,0.0,0.0,0.0,126.6019032,14.099,B,112238,False,False,False,False,14,4,2010
2010-04-09,12,3,12775.15,False,59.25,3.09,0.0,0.0,0.0,0.0,0.0,126.6019032,14.099,B,112238,False,False,False,False,14,4,2010
2010-04-09,12,4,26391.1,False,59.25,3.09,0.0,0.0,0.0,0.0,0.0,126.6019032,14.099,B,112238,False,False,False,False,14,4,2010
2010-04-09,12,5,29071.64,False,59.25,3.09,0.0,0.0,0.0,0.0,0.0,126.6019032,14.099,B,112238,False,False,False,False,14,4,2010
2010-04-09,12,6,7913.53,False,59.25,3.09,0.0,0.0,0.0,0.0,0.0,126.6019032,14.099,B,112238,False,False,False,False,14,4,2010
2010-04-09,12,7,36537.61,False,59.25,3.09,0.0,0.0,0.0,0.0,0.0,126.6019032,14.099,B,112238,False,False,False,False,14,4,2010
2010-04-09,12,8,42758.39,False,59.25,3.09,0.0,0.0,0.0,0.0,0.0,126.6019032,14.099,B,112238,False,False,False,False,14,4,2010
2010-04-09,12,9,24431.06,False,59.25,3.09,0.0,0.0,0.0,0.0,0.0,126.6019032,14.099,B,112238,False,False,False,False,14,4,2010
2010-04-09,12,10,18105.36,False,59.25,3.09,0.0,0.0,0.0,0.0,0.0,126.6019032,14.099,B,112238,False,False,False,False,14,4,2010
2010-04-09,12,11,16546.12,False,59.25,3.09,0.0,0.0,0.0,0.0,0.0,126.6019032,14.099,B,112238,False,False,False,False,14,4,2010
2010-04-09,12,12,5502.52,False,59.25,3.09,0.0,0.0,0.0,0.0,0.0,126.6019032,14.099,B,112238,False,False,False,False,14,4,2010
2010-04-09,12,13,45655.71,False,59.25,3.09,0.0,0.0,0.0,0.0,0.0,126.6019032,14.099,B,112238,False,False,False,False,14,4,2010
2010-04-09,12,14,21818.43,False,59.25,3.09,0.0,0.0,0.0,0.0,0.0,126.6019032,14.099,B,112238,False,False,False,False,14,4,2010
2010-04-09,12,16,13026.35,False,59.25,3.09,0.0,0.0,0.0,0.0,0.0,126.6019032,14.099,B,112238,False,False,False,False,14,4,2010
2010-04-09,12,17,12509.18,False,59.25,3.09,0.0,0.0,0.0,0.0,0.0,126.6019032,14.099,B,112238,False,False,False,False,14,4,2010
2010-04-09,12,18,3673.49,False,59.25,3.09,0.0,0.0,0.0,0.0,0.0,126.6019032,14.099,B,112238,False,False,False,False,14,4,2010
2010-04-09,12,19,2792.69,False,59.25,3.09,0.0,0.0,0.0,0.0,0.0,126.6019032,14.099,B,112238,False,False,False,False,14,4,2010
2010-04-09,12,20,7623.55,False,59.25,3.09,0.0,0.0,0.0,0.0,0.0,126.6019032,14.099,B,112238,False,False,False,False,14,4,2010
2010-04-09,12,21,4499.77,False,59.25,3.09,0.0,0.0,0.0,0.0,0.0,126.6019032,14.099,B,112238,False,False,False,False,14,4,2010
2010-04-09,12,22,10809.35,False,59.25,3.09,0.0,0.0,0.0,0.0,0.0,126.6019032,14.099,B,112238,False,False,False,False,14,4,2010
2010-04-09,12,23,35739.99,False,59.25,3.09,0.0,0.0,0.0,0.0,0.0,126.6019032,14.099,B,112238,False,False,False,False,14,4,2010
2010-04-09,12,24,13751.65,False,59.25,3.09,0.0,0.0,0.0,0.0,0.0,126.6019032,14.099,B,112238,False,False,False,False,14,4,2010
2010-04-09,12,25,22252.54,False,59.25,3.09,0.0,0.0,0.0,0.0,0.0,126.6019032,14.099,B,112238,False,False,False,False,14,4,2010
2010-04-09,12,26,13095.57,False,59.25,3.09,0.0,0.0,0.0,0.0,0.0,126.6019032,14.099,B,112238,False,False,False,False,14,4,2010
2010-04-09,12,27,1900.25,False,59.25,3.09,0.0,0.0,0.0,0.0,0.0,126.6019032,14.099,B,112238,False,False,False,False,14,4,2010
2010-04-09,12,28,1073.16,False,59.25,3.09,0.0,0.0,0.0,0.0,0.0,126.6019032,14.099,B,112238,False,False,False,False,14,4,2010
2010-04-09,12,29,5707.0,False,59.25,3.09,0.0,0.0,0.0,0.0,0.0,126.6019032,14.099,B,112238,False,False,False,False,14,4,2010
2010-04-09,12,30,7425.99,False,59.25,3.09,0.0,0.0,0.0,0.0,0.0,126.6019032,14.099,B,112238,False,False,False,False,14,4,2010
2010-04-09,12,31,2417.46,False,59.25,3.09,0.0,0.0,0.0,0.0,0.0,126.6019032,14.099,B,112238,False,False,False,False,14,4,2010
2010-04-09,12,32,8540.99,False,59.25,3.09,0.0,0.0,0.0,0.0,0.0,126.6019032,14.099,B,112238,False,False,False,False,14,4,2010
2010-04-09,12,33,10632.14,False,59.25,3.09,0.0,0.0,0.0,0.0,0.0,126.6019032,14.099,B,112238,False,False,False,False,14,4,2010
2010-04-09,12,34,27757.85,False,59.25,3.09,0.0,0.0,0.0,0.0,0.0,126.6019032,14.099,B,112238,False,False,False,False,14,4,2010
2010-04-09,12,35,3588.0,False,59.25,3.09,0.0,0.0,0.0,0.0,0.0,126.6019032,14.099,B,112238,False,False,False,False,14,4,2010
2010-04-09,12,36,1716.5,False,59.25,3.09,0.0,0.0,0.0,0.0,0.0,126.6019032,14.099,B,112238,False,False,False,False,14,4,2010
2010-04-09,12,38,51041.85,False,59.25,3.09,0.0,0.0,0.0,0.0,0.0,126.6019032,14.099,B,112238,False,False,False,False,14,4,2010
2010-04-09,12,40,48803.82,False,59.25,3.09,0.0,0.0,0.0,0.0,0.0,126.6019032,14.099,B,112238,False,False,False,False,14,4,2010
2010-04-09,12,41,826.0,False,59.25,3.09,0.0,0.0,0.0,0.0,0.0,126.6019032,14.099,B,112238,False,False,False,False,14,4,2010
2010-04-09,12,42,5415.33,False,59.25,3.09,0.0,0.0,0.0,0.0,0.0,126.6019032,14.099,B,112238,False,False,False,False,14,4,2010
2010-04-09,12,44,6359.26,False,59.25,3.09,0.0,0.0,0.0,0.0,0.0,126.6019032,14.099,B,112238,False,False,False,False,14,4,2010
2010-04-09,12,45,21.0,False,59.25,3.09,0.0,0.0,0.0,0.0,0.0,126.6019032,14.099,B,112238,False,False,False,False,14,4,2010
2010-04-09,12,46,29942.45,False,59.25,3.09,0.0,0.0,0.0,0.0,0.0,126.6019032,14.099,B,112238,False,False,False,False,14,4,2010
2010-04-09,12,49,1.97,False,59.25,3.09,0.0,0.0,0.0,0.0,0.0,126.6019032,14.099,B,112238,False,False,False,False,14,4,2010
2010-04-09,12,52,4860.4,False,59.25,3.09,0.0,0.0,0.0,0.0,0.0,126.6019032,14.099,B,112238,False,False,False,False,14,4,2010
2010-04-09,12,54,322.0,False,59.25,3.09,0.0,0.0,0.0,0.0,0.0,126.6019032,14.099,B,112238,False,False,False,False,14,4,2010
2010-04-09,12,55,16227.23,False,59.25,3.09,0.0,0.0,0.0,0.0,0.0,126.6019032,14.099,B,112238,False,False,False,False,14,4,2010
2010-04-09,12,56,2465.38,False,59.25,3.09,0.0,0.0,0.0,0.0,0.0,126.6019032,14.099,B,112238,False,False,False,False,14,4,2010
2010-04-09,12,58,2855.0,False,59.25,3.09,0.0,0.0,0.0,0.0,0.0,126.6019032,14.099,B,112238,False,False,False,False,14,4,2010
2010-04-09,12,59,985.46,False,59.25,3.09,0.0,0.0,0.0,0.0,0.0,126.6019032,14.099,B,112238,False,False,False,False,14,4,2010
2010-04-09,12,60,492.8,False,59.25,3.09,0.0,0.0,0.0,0.0,0.0,126.6019032,14.099,B,112238,False,False,False,False,14,4,2010
2010-04-09,12,67,6061.51,False,59.25,3.09,0.0,0.0,0.0,0.0,0.0,126.6019032,14.099,B,112238,False,False,False,False,14,4,2010
2010-04-09,12,71,6746.0,False,59.25,3.09,0.0,0.0,0.0,0.0,0.0,126.6019032,14.099,B,112238,False,False,False,False,14,4,2010
2010-04-09,12,72,61125.48,False,59.25,3.09,0.0,0.0,0.0,0.0,0.0,126.6019032,14.099,B,112238,False,False,False,False,14,4,2010
2010-04-09,12,74,18490.5,False,59.25,3.09,0.0,0.0,0.0,0.0,0.0,126.6019032,14.099,B,112238,False,False,False,False,14,4,2010
2010-04-09,12,79,48155.8,False,59.25,3.09,0.0,0.0,0.0,0.0,0.0,126.6019032,14.099,B,112238,False,False,False,False,14,4,2010
2010-04-09,12,80,11.94,False,59.25,3.09,0.0,0.0,0.0,0.0,0.0,126.6019032,14.099,B,112238,False,False,False,False,14,4,2010
2010-04-09,12,81,5984.07,False,59.25,3.09,0.0,0.0,0.0,0.0,0.0,126.6019032,14.099,B,112238,False,False,False,False,14,4,2010
2010-04-09,12,82,14500.07,False,59.25,3.09,0.0,0.0,0.0,0.0,0.0,126.6019032,14.099,B,112238,False,False,False,False,14,4,2010
2010-04-09,12,83,186.32,False,59.25,3.09,0.0,0.0,0.0,0.0,0.0,126.6019032,14.099,B,112238,False,False,False,False,14,4,2010
2010-04-09,12,85,2026.57,False,59.25,3.09,0.0,0.0,0.0,0.0,0.0,126.6019032,14.099,B,112238,False,False,False,False,14,4,2010
2010-04-09,12,87,11823.77,False,59.25,3.09,0.0,0.0,0.0,0.0,0.0,126.6019032,14.099,B,112238,False,False,False,False,14,4,2010
2010-04-09,12,90,9005.35,False,59.25,3.09,0.0,0.0,0.0,0.0,0.0,126.6019032,14.099,B,112238,False,False,False,False,14,4,2010
2010-04-09,12,91,6151.47,False,59.25,3.09,0.0,0.0,0.0,0.0,0.0,126.6019032,14.099,B,112238,False,False,False,False,14,4,2010
2010-04-09,12,92,22459.05,False,59.25,3.09,0.0,0.0,0.0,0.0,0.0,126.6019032,14.099,B,112238,False,False,False,False,14,4,2010
2010-04-09,12,93,445.72,False,59.25,3.09,0.0,0.0,0.0,0.0,0.0,126.6019032,14.099,B,112238,False,False,False,False,14,4,2010
2010-04-09,12,94,1.13,False,59.25,3.09,0.0,0.0,0.0,0.0,0.0,126.6019032,14.099,B,112238,False,False,False,False,14,4,2010
2010-04-09,12,95,42312.68,False,59.25,3.09,0.0,0.0,0.0,0.0,0.0,126.6019032,14.099,B,112238,False,False,False,False,14,4,2010
2010-04-09,12,97,2366.6,False,59.25,3.09,0.0,0.0,0.0,0.0,0.0,126.6019032,14.099,B,112238,False,False,False,False,14,4,2010
2010-04-09,12,98,801.02,False,59.25,3.09,0.0,0.0,0.0,0.0,0.0,126.6019032,14.099,B,112238,False,False,False,False,14,4,2010
2010-04-16,12,1,12024.35,False,64.95,3.109,0.0,0.0,0.0,0.0,0.0,126.5621,14.099,B,112238,False,False,False,False,15,4,2010
2010-04-16,12,2,72290.68,False,64.95,3.109,0.0,0.0,0.0,0.0,0.0,126.5621,14.099,B,112238,False,False,False,False,15,4,2010
2010-04-16,12,3,13882.55,False,64.95,3.109,0.0,0.0,0.0,0.0,0.0,126.5621,14.099,B,112238,False,False,False,False,15,4,2010
2010-04-16,12,4,25615.68,False,64.95,3.109,0.0,0.0,0.0,0.0,0.0,126.5621,14.099,B,112238,False,False,False,False,15,4,2010
2010-04-16,12,5,18666.21,False,64.95,3.109,0.0,0.0,0.0,0.0,0.0,126.5621,14.099,B,112238,False,False,False,False,15,4,2010
2010-04-16,12,6,7164.5,False,64.95,3.109,0.0,0.0,0.0,0.0,0.0,126.5621,14.099,B,112238,False,False,False,False,15,4,2010
2010-04-16,12,7,27186.6,False,64.95,3.109,0.0,0.0,0.0,0.0,0.0,126.5621,14.099,B,112238,False,False,False,False,15,4,2010
2010-04-16,12,8,43088.63,False,64.95,3.109,0.0,0.0,0.0,0.0,0.0,126.5621,14.099,B,112238,False,False,False,False,15,4,2010
2010-04-16,12,9,23163.06,False,64.95,3.109,0.0,0.0,0.0,0.0,0.0,126.5621,14.099,B,112238,False,False,False,False,15,4,2010
2010-04-16,12,10,16945.3,False,64.95,3.109,0.0,0.0,0.0,0.0,0.0,126.5621,14.099,B,112238,False,False,False,False,15,4,2010
2010-04-16,12,11,19273.47,False,64.95,3.109,0.0,0.0,0.0,0.0,0.0,126.5621,14.099,B,112238,False,False,False,False,15,4,2010
2010-04-16,12,12,5602.6,False,64.95,3.109,0.0,0.0,0.0,0.0,0.0,126.5621,14.099,B,112238,False,False,False,False,15,4,2010
2010-04-16,12,13,46883.01,False,64.95,3.109,0.0,0.0,0.0,0.0,0.0,126.5621,14.099,B,112238,False,False,False,False,15,4,2010
2010-04-16,12,14,19315.74,False,64.95,3.109,0.0,0.0,0.0,0.0,0.0,126.5621,14.099,B,112238,False,False,False,False,15,4,2010
2010-04-16,12,16,12440.98,False,64.95,3.109,0.0,0.0,0.0,0.0,0.0,126.5621,14.099,B,112238,False,False,False,False,15,4,2010
2010-04-16,12,17,11206.57,False,64.95,3.109,0.0,0.0,0.0,0.0,0.0,126.5621,14.099,B,112238,False,False,False,False,15,4,2010
2010-04-16,12,18,32.45,False,64.95,3.109,0.0,0.0,0.0,0.0,0.0,126.5621,14.099,B,112238,False,False,False,False,15,4,2010
2010-04-16,12,19,3292.13,False,64.95,3.109,0.0,0.0,0.0,0.0,0.0,126.5621,14.099,B,112238,False,False,False,False,15,4,2010
2010-04-16,12,20,7300.58,False,64.95,3.109,0.0,0.0,0.0,0.0,0.0,126.5621,14.099,B,112238,False,False,False,False,15,4,2010
2010-04-16,12,21,4058.06,False,64.95,3.109,0.0,0.0,0.0,0.0,0.0,126.5621,14.099,B,112238,False,False,False,False,15,4,2010
2010-04-16,12,22,10256.77,False,64.95,3.109,0.0,0.0,0.0,0.0,0.0,126.5621,14.099,B,112238,False,False,False,False,15,4,2010
2010-04-16,12,23,34613.1,False,64.95,3.109,0.0,0.0,0.0,0.0,0.0,126.5621,14.099,B,112238,False,False,False,False,15,4,2010
2010-04-16,12,24,8912.25,False,64.95,3.109,0.0,0.0,0.0,0.0,0.0,126.5621,14.099,B,112238,False,False,False,False,15,4,2010
2010-04-16,12,25,19483.5,False,64.95,3.109,0.0,0.0,0.0,0.0,0.0,126.5621,14.099,B,112238,False,False,False,False,15,4,2010
2010-04-16,12,26,13144.65,False,64.95,3.109,0.0,0.0,0.0,0.0,0.0,126.5621,14.099,B,112238,False,False,False,False,15,4,2010
2010-04-16,12,27,1952.0,False,64.95,3.109,0.0,0.0,0.0,0.0,0.0,126.5621,14.099,B,112238,False,False,False,False,15,4,2010
2010-04-16,12,28,1099.52,False,64.95,3.109,0.0,0.0,0.0,0.0,0.0,126.5621,14.099,B,112238,False,False,False,False,15,4,2010
2010-04-16,12,29,5891.24,False,64.95,3.109,0.0,0.0,0.0,0.0,0.0,126.5621,14.099,B,112238,False,False,False,False,15,4,2010
2010-04-16,12,30,7531.62,False,64.95,3.109,0.0,0.0,0.0,0.0,0.0,126.5621,14.099,B,112238,False,False,False,False,15,4,2010
2010-04-16,12,31,2395.84,False,64.95,3.109,0.0,0.0,0.0,0.0,0.0,126.5621,14.099,B,112238,False,False,False,False,15,4,2010
2010-04-16,12,32,9488.21,False,64.95,3.109,0.0,0.0,0.0,0.0,0.0,126.5621,14.099,B,112238,False,False,False,False,15,4,2010
2010-04-16,12,33,8947.77,False,64.95,3.109,0.0,0.0,0.0,0.0,0.0,126.5621,14.099,B,112238,False,False,False,False,15,4,2010
2010-04-16,12,34,25770.89,False,64.95,3.109,0.0,0.0,0.0,0.0,0.0,126.5621,14.099,B,112238,False,False,False,False,15,4,2010
2010-04-16,12,35,3703.0,False,64.95,3.109,0.0,0.0,0.0,0.0,0.0,126.5621,14.099,B,112238,False,False,False,False,15,4,2010
2010-04-16,12,36,1439.0,False,64.95,3.109,0.0,0.0,0.0,0.0,0.0,126.5621,14.099,B,112238,False,False,False,False,15,4,2010
2010-04-16,12,38,42370.87,False,64.95,3.109,0.0,0.0,0.0,0.0,0.0,126.5621,14.099,B,112238,False,False,False,False,15,4,2010
2010-04-16,12,40,45797.77,False,64.95,3.109,0.0,0.0,0.0,0.0,0.0,126.5621,14.099,B,112238,False,False,False,False,15,4,2010
2010-04-16,12,41,797.0,False,64.95,3.109,0.0,0.0,0.0,0.0,0.0,126.5621,14.099,B,112238,False,False,False,False,15,4,2010
2010-04-16,12,42,5116.95,False,64.95,3.109,0.0,0.0,0.0,0.0,0.0,126.5621,14.099,B,112238,False,False,False,False,15,4,2010
2010-04-16,12,44,5159.05,False,64.95,3.109,0.0,0.0,0.0,0.0,0.0,126.5621,14.099,B,112238,False,False,False,False,15,4,2010
2010-04-16,12,45,12.92,False,64.95,3.109,0.0,0.0,0.0,0.0,0.0,126.5621,14.099,B,112238,False,False,False,False,15,4,2010
2010-04-16,12,46,28983.49,False,64.95,3.109,0.0,0.0,0.0,0.0,0.0,126.5621,14.099,B,112238,False,False,False,False,15,4,2010
2010-04-16,12,51,0.5,False,64.95,3.109,0.0,0.0,0.0,0.0,0.0,126.5621,14.099,B,112238,False,False,False,False,15,4,2010
2010-04-16,12,52,4440.66,False,64.95,3.109,0.0,0.0,0.0,0.0,0.0,126.5621,14.099,B,112238,False,False,False,False,15,4,2010
2010-04-16,12,54,267.0,False,64.95,3.109,0.0,0.0,0.0,0.0,0.0,126.5621,14.099,B,112238,False,False,False,False,15,4,2010
2010-04-16,12,55,12655.05,False,64.95,3.109,0.0,0.0,0.0,0.0,0.0,126.5621,14.099,B,112238,False,False,False,False,15,4,2010
2010-04-16,12,56,3394.93,False,64.95,3.109,0.0,0.0,0.0,0.0,0.0,126.5621,14.099,B,112238,False,False,False,False,15,4,2010
2010-04-16,12,58,3369.0,False,64.95,3.109,0.0,0.0,0.0,0.0,0.0,126.5621,14.099,B,112238,False,False,False,False,15,4,2010
2010-04-16,12,59,1038.6,False,64.95,3.109,0.0,0.0,0.0,0.0,0.0,126.5621,14.099,B,112238,False,False,False,False,15,4,2010
2010-04-16,12,60,413.6,False,64.95,3.109,0.0,0.0,0.0,0.0,0.0,126.5621,14.099,B,112238,False,False,False,False,15,4,2010
2010-04-16,12,67,5218.7,False,64.95,3.109,0.0,0.0,0.0,0.0,0.0,126.5621,14.099,B,112238,False,False,False,False,15,4,2010
2010-04-16,12,71,6558.04,False,64.95,3.109,0.0,0.0,0.0,0.0,0.0,126.5621,14.099,B,112238,False,False,False,False,15,4,2010
2010-04-16,12,72,65465.23,False,64.95,3.109,0.0,0.0,0.0,0.0,0.0,126.5621,14.099,B,112238,False,False,False,False,15,4,2010
2010-04-16,12,74,19751.15,False,64.95,3.109,0.0,0.0,0.0,0.0,0.0,126.5621,14.099,B,112238,False,False,False,False,15,4,2010
2010-04-16,12,79,43820.84,False,64.95,3.109,0.0,0.0,0.0,0.0,0.0,126.5621,14.099,B,112238,False,False,False,False,15,4,2010
2010-04-16,12,80,11.94,False,64.95,3.109,0.0,0.0,0.0,0.0,0.0,126.5621,14.099,B,112238,False,False,False,False,15,4,2010
2010-04-16,12,81,5743.14,False,64.95,3.109,0.0,0.0,0.0,0.0,0.0,126.5621,14.099,B,112238,False,False,False,False,15,4,2010
2010-04-16,12,82,12668.23,False,64.95,3.109,0.0,0.0,0.0,0.0,0.0,126.5621,14.099,B,112238,False,False,False,False,15,4,2010
2010-04-16,12,83,180.28,False,64.95,3.109,0.0,0.0,0.0,0.0,0.0,126.5621,14.099,B,112238,False,False,False,False,15,4,2010
2010-04-16,12,85,1784.52,False,64.95,3.109,0.0,0.0,0.0,0.0,0.0,126.5621,14.099,B,112238,False,False,False,False,15,4,2010
2010-04-16,12,87,8571.66,False,64.95,3.109,0.0,0.0,0.0,0.0,0.0,126.5621,14.099,B,112238,False,False,False,False,15,4,2010
2010-04-16,12,90,9281.76,False,64.95,3.109,0.0,0.0,0.0,0.0,0.0,126.5621,14.099,B,112238,False,False,False,False,15,4,2010
2010-04-16,12,91,6660.0,False,64.95,3.109,0.0,0.0,0.0,0.0,0.0,126.5621,14.099,B,112238,False,False,False,False,15,4,2010
2010-04-16,12,92,20906.48,False,64.95,3.109,0.0,0.0,0.0,0.0,0.0,126.5621,14.099,B,112238,False,False,False,False,15,4,2010
2010-04-16,12,93,330.23,False,64.95,3.109,0.0,0.0,0.0,0.0,0.0,126.5621,14.099,B,112238,False,False,False,False,15,4,2010
2010-04-16,12,94,7.91,False,64.95,3.109,0.0,0.0,0.0,0.0,0.0,126.5621,14.099,B,112238,False,False,False,False,15,4,2010
2010-04-16,12,95,50465.62,False,64.95,3.109,0.0,0.0,0.0,0.0,0.0,126.5621,14.099,B,112238,False,False,False,False,15,4,2010
2010-04-16,12,97,2012.71,False,64.95,3.109,0.0,0.0,0.0,0.0,0.0,126.5621,14.099,B,112238,False,False,False,False,15,4,2010
2010-04-16,12,98,694.18,False,64.95,3.109,0.0,0.0,0.0,0.0,0.0,126.5621,14.099,B,112238,False,False,False,False,15,4,2010
2010-04-23,12,1,12979.34,False,64.55,3.05,0.0,0.0,0.0,0.0,0.0,126.4713333,14.099,B,112238,False,False,False,False,16,4,2010
2010-04-23,12,2,72988.22,False,64.55,3.05,0.0,0.0,0.0,0.0,0.0,126.4713333,14.099,B,112238,False,False,False,False,16,4,2010
2010-04-23,12,3,12512.84,False,64.55,3.05,0.0,0.0,0.0,0.0,0.0,126.4713333,14.099,B,112238,False,False,False,False,16,4,2010
2010-04-23,12,4,25461.79,False,64.55,3.05,0.0,0.0,0.0,0.0,0.0,126.4713333,14.099,B,112238,False,False,False,False,16,4,2010
2010-04-23,12,5,35448.14,False,64.55,3.05,0.0,0.0,0.0,0.0,0.0,126.4713333,14.099,B,112238,False,False,False,False,16,4,2010
2010-04-23,12,6,9424.97,False,64.55,3.05,0.0,0.0,0.0,0.0,0.0,126.4713333,14.099,B,112238,False,False,False,False,16,4,2010
2010-04-23,12,7,28285.28,False,64.55,3.05,0.0,0.0,0.0,0.0,0.0,126.4713333,14.099,B,112238,False,False,False,False,16,4,2010
2010-04-23,12,8,41113.71,False,64.55,3.05,0.0,0.0,0.0,0.0,0.0,126.4713333,14.099,B,112238,False,False,False,False,16,4,2010
2010-04-23,12,9,24075.62,False,64.55,3.05,0.0,0.0,0.0,0.0,0.0,126.4713333,14.099,B,112238,False,False,False,False,16,4,2010
2010-04-23,12,10,16602.86,False,64.55,3.05,0.0,0.0,0.0,0.0,0.0,126.4713333,14.099,B,112238,False,False,False,False,16,4,2010
2010-04-23,12,11,23315.62,False,64.55,3.05,0.0,0.0,0.0,0.0,0.0,126.4713333,14.099,B,112238,False,False,False,False,16,4,2010
2010-04-23,12,12,5823.95,False,64.55,3.05,0.0,0.0,0.0,0.0,0.0,126.4713333,14.099,B,112238,False,False,False,False,16,4,2010
2010-04-23,12,13,45497.43,False,64.55,3.05,0.0,0.0,0.0,0.0,0.0,126.4713333,14.099,B,112238,False,False,False,False,16,4,2010
2010-04-23,12,14,18066.71,False,64.55,3.05,0.0,0.0,0.0,0.0,0.0,126.4713333,14.099,B,112238,False,False,False,False,16,4,2010
2010-04-23,12,16,14330.29,False,64.55,3.05,0.0,0.0,0.0,0.0,0.0,126.4713333,14.099,B,112238,False,False,False,False,16,4,2010
2010-04-23,12,17,12158.12,False,64.55,3.05,0.0,0.0,0.0,0.0,0.0,126.4713333,14.099,B,112238,False,False,False,False,16,4,2010
2010-04-23,12,18,8.5,False,64.55,3.05,0.0,0.0,0.0,0.0,0.0,126.4713333,14.099,B,112238,False,False,False,False,16,4,2010
2010-04-23,12,19,2807.95,False,64.55,3.05,0.0,0.0,0.0,0.0,0.0,126.4713333,14.099,B,112238,False,False,False,False,16,4,2010
2010-04-23,12,20,6577.64,False,64.55,3.05,0.0,0.0,0.0,0.0,0.0,126.4713333,14.099,B,112238,False,False,False,False,16,4,2010
2010-04-23,12,21,3754.23,False,64.55,3.05,0.0,0.0,0.0,0.0,0.0,126.4713333,14.099,B,112238,False,False,False,False,16,4,2010
2010-04-23,12,22,10673.31,False,64.55,3.05,0.0,0.0,0.0,0.0,0.0,126.4713333,14.099,B,112238,False,False,False,False,16,4,2010
2010-04-23,12,23,37030.73,False,64.55,3.05,0.0,0.0,0.0,0.0,0.0,126.4713333,14.099,B,112238,False,False,False,False,16,4,2010
2010-04-23,12,24,9833.75,False,64.55,3.05,0.0,0.0,0.0,0.0,0.0,126.4713333,14.099,B,112238,False,False,False,False,16,4,2010
2010-04-23,12,25,22117.15,False,64.55,3.05,0.0,0.0,0.0,0.0,0.0,126.4713333,14.099,B,112238,False,False,False,False,16,4,2010
2010-04-23,12,26,15540.58,False,64.55,3.05,0.0,0.0,0.0,0.0,0.0,126.4713333,14.099,B,112238,False,False,False,False,16,4,2010
2010-04-23,12,27,1869.5,False,64.55,3.05,0.0,0.0,0.0,0.0,0.0,126.4713333,14.099,B,112238,False,False,False,False,16,4,2010
2010-04-23,12,28,924.48,False,64.55,3.05,0.0,0.0,0.0,0.0,0.0,126.4713333,14.099,B,112238,False,False,False,False,16,4,2010
2010-04-23,12,29,6194.23,False,64.55,3.05,0.0,0.0,0.0,0.0,0.0,126.4713333,14.099,B,112238,False,False,False,False,16,4,2010
2010-04-23,12,30,6985.13,False,64.55,3.05,0.0,0.0,0.0,0.0,0.0,126.4713333,14.099,B,112238,False,False,False,False,16,4,2010
2010-04-23,12,31,2226.51,False,64.55,3.05,0.0,0.0,0.0,0.0,0.0,126.4713333,14.099,B,112238,False,False,False,False,16,4,2010
2010-04-23,12,32,7562.08,False,64.55,3.05,0.0,0.0,0.0,0.0,0.0,126.4713333,14.099,B,112238,False,False,False,False,16,4,2010
2010-04-23,12,33,9627.65,False,64.55,3.05,0.0,0.0,0.0,0.0,0.0,126.4713333,14.099,B,112238,False,False,False,False,16,4,2010
2010-04-23,12,34,25112.38,False,64.55,3.05,0.0,0.0,0.0,0.0,0.0,126.4713333,14.099,B,112238,False,False,False,False,16,4,2010
2010-04-23,12,35,2811.0,False,64.55,3.05,0.0,0.0,0.0,0.0,0.0,126.4713333,14.099,B,112238,False,False,False,False,16,4,2010
2010-04-23,12,36,2069.0,False,64.55,3.05,0.0,0.0,0.0,0.0,0.0,126.4713333,14.099,B,112238,False,False,False,False,16,4,2010
2010-04-23,12,38,50702.24,False,64.55,3.05,0.0,0.0,0.0,0.0,0.0,126.4713333,14.099,B,112238,False,False,False,False,16,4,2010
2010-04-23,12,40,49505.53,False,64.55,3.05,0.0,0.0,0.0,0.0,0.0,126.4713333,14.099,B,112238,False,False,False,False,16,4,2010
2010-04-23,12,41,1069.0,False,64.55,3.05,0.0,0.0,0.0,0.0,0.0,126.4713333,14.099,B,112238,False,False,False,False,16,4,2010
2010-04-23,12,42,5322.93,False,64.55,3.05,0.0,0.0,0.0,0.0,0.0,126.4713333,14.099,B,112238,False,False,False,False,16,4,2010
2010-04-23,12,44,5759.1,False,64.55,3.05,0.0,0.0,0.0,0.0,0.0,126.4713333,14.099,B,112238,False,False,False,False,16,4,2010
2010-04-23,12,45,11.5,False,64.55,3.05,0.0,0.0,0.0,0.0,0.0,126.4713333,14.099,B,112238,False,False,False,False,16,4,2010
2010-04-23,12,46,29529.7,False,64.55,3.05,0.0,0.0,0.0,0.0,0.0,126.4713333,14.099,B,112238,False,False,False,False,16,4,2010
2010-04-23,12,52,4922.62,False,64.55,3.05,0.0,0.0,0.0,0.0,0.0,126.4713333,14.099,B,112238,False,False,False,False,16,4,2010
2010-04-23,12,54,327.0,False,64.55,3.05,0.0,0.0,0.0,0.0,0.0,126.4713333,14.099,B,112238,False,False,False,False,16,4,2010
